3098 5476
450 559 492 606 x.
520 560 571 605 nn
600 557 795 605 sruoura
822 557 919 605 srun
947 557 1097 606 suurn.
1329 541 1369 604 17
1455 563 1458 572 ·

171 742 291 784 eorum.
339 718 441 804 Super
456 718 573 804 quibus
594 718 716 804 petistis
731 717 848 782 eisdem
864 716 1077 781 misericordie
1100 718 1226 781 ianuam
1243 717 1368 802 aperiri.

172 823 242 889 Nos
254 834 359 888 autem
368 833 423 889 etc.
433 831 588 909 quatenus
599 832 767 909 postquam
780 821 913 906 predicti
924 820 1027 885 clerici
1040 820 1293 885 renunciauerint
1302 820 1371 885 loeo

171 937 203 991 et
218 928 376 992 beneficiis
398 928 443 992 sic
457 927 594 992 obtentis
610 927 751 990 iniuncta
767 926 831 990 illis
846 936 903 990 ete.
922 948 1020 1012 usque
1036 949 1099 991 non
1116 926 1269 1008 obstante,
1285 925 1371 1011 ipsos

168 1031 213 1095 ad
237 1033 450 1097 executionem
466 1031 613 1096 ordinum
638 1040 669 1096 et
684 1031 916 1118 perceptionem
938 1031 1159 1095 beneficiorum
1182 1053 1247 1095 non
1263 1039 1369 1093 tamen

171 1137 206 1199 in
223 1137 299 1201 loeis
313 1146 344 1201 et
360 1136 517 1201 beneficiis
532 1136 701 1220 prioribus,
712 1158 768 1219 per
779 1134 1021 1220 dispensationis
1036 1135 1171 1220 gratiam
1186 1133 1370 1216 admittatis,

171 1253 209 1304 ut
224 1241 269 1304 sic
284 1241 409 1326 culpam
427 1262 507 1325 pena
522 1241 662 1325 castiget,
679 1248 709 1304 et
724 1239 936 1326 simplicitatis
955 1240 1053 1305 errori
1077 1238 1291 1303 misericordia
1306 1244 1370 1302 non

169 1356 313 1430 negetur,
327 1346 491 1432 presertim
507 1368 579 1409 cum
593 1330 832 1409 multitudinem
847 1344 987 1431 predicta
999 1344 1171 1408 inuoluerit
1181 1342 1370 1428 corruptela,

169 1458 203 1514 et
219 1450 275 1514 ubi
298 1450 471 1514 multorum
488 1459 606 1534 strages
628 1449 880 1514 subtrahendum
900 1449 1023 1534 aliquid
1046 1449 1088 1513 sit
1104 1448 1219 1533 rigori:
1244 1469 1280 1511 ea
1293 1469 1371 1511 uero

169 1577 235 1639 que
250 1556 401 1639 premissa
424 1555 582 1619 occasione
606 1553 724 1618 fuerint
739 1555 872 1640 prestita
894 1554 928 1616 in
948 1553 1036 1617 illius
1059 1553 1229 1617 utilitatem
1246 1549 1372 1615 ecclesie

168 1668 399 1723 conuertentur
414 1659 447 1722 in
462 1660 551 1723 cuius
567 1659 716 1743 injuriam
733 1659 798 1722 sint
813 1667 944 1744 recepta.

748 2041 794 2107 X.

275 2251 331 2315 Dn
353 2250 522 2316 sinonn
547 2251 727 2315 OouurssA
750 2269 791 2314 ru
814 2251 1014 2314 Barasroro
1036 2268 1118 2313 srna
1141 2247 1268 2313 Conna

657 2353 887 2420 Osrrrusurrs

218 2548 376 2633 Episcopo
396 2545 612 2612 Bononiensi.¹
659 2547 712 2610 Ex
733 2556 840 2612 tenore
860 2547 1038 2611 litterarum
1056 2555 1234 2611 uestrarum
1255 2545 1371 2629 aceepi-

171 2675 244 2716 mus
259 2651 344 2738 quod
360 2674 432 2715 eum
447 2651 524 2716 oIIm
536 2652 872 2737 —presentium
889 2651 971 2716 lator
981 2651 1226 2738 procurantibus
1240 2649 1373 2736 quibus-

167 2756 246 2821 dam
262 2756 445 2841 parentibus
467 2755 533 2820 suis
555 2756 687 2842 adeptus
708 2755 818 2820 fuisset
833 2755 992 2842 quandam
1009 2756 1167 2820 ecclesiam
1184 2778 1241 2840 per
1255 2754 1370 2818 uitium

169 2860 313 2941 simonie,
338 2860 377 2924 ad
401 2860 605 2946 apostolicam
628 2858 732 2924 sedem
756 2861 882 2924 accessit
905 2871 936 2924 et
958 2883 1108 2946 supereo
1129 2859 1214 2946 quod
1242 2860 1372 2944 ignarus

171 2964 243 3029 uitii
259 2963 300 3028 ad
315 2963 448 3029 titulum
463 2964 599 3029 eiusdem
617 2964 742 3029 ecclesie
757 2964 883 3029 ordines
906 2988 1009 3030 sacros
1023 2975 1180 3050 receperat
1195 2973 1316 3028 uestras
1331 2963 1370 3027 ad

170 3092 230 3135 nos
246 3069 366 3134 litteras
381 3069 565 3155 reportauit,
575 3091 712 3155 quarum
723 3070 854 3134 obtentu
864 3093 926 3156 quo
938 3070 978 3134 ad
994 3070 1209 3134 executionem
1222 3068 1371 3133 ordinum

169 3176 278 3240 taliter
301 3183 517 3260 susceptorum
540 3197 613 3237 eum
637 3197 672 3238 eo
695 3172 832 3239 duxistis
855 3175 1097 3239 misericorditer
1111 3172 1371 3259 dispensandum,

171 3279 329 3365 resignata
352 3279 552 3343 inmanibus
576 3279 688 3342 uestris
710 3278 836 3343 ecclesia
859 3280 903 3343 sic
926 3279 1048 3364 adepta.
1095 3278 1222 3345 Verum
1239 3301 1310 3341 cum
1330 3276 1371 3340 ad

171 3383 396 3450 restituendam
425 3383 486 3448 sibi
512 3382 629 3446 dictam
656 3383 815 3447 ecclesiam
840 3383 1026 3448 distuleritis
1052 3383 1166 3446 habere
1192 3404 1370 3468 processum

170 3487 321 3576 quamuis
346 3486 475 3552 honeste
497 3510 533 3552 ac
560 3486 761 3551 laudabiliter
783 3496 986 3563 conuersatns
1012 3487 1163 3551 fueritin
1189 3486 1307 3569 eadem,
1331 3485 1372 3550 ad

172 3617 231 3659 nos
250 3593 414 3658 remisistis
432 3592 576 3675 eundem,
593 3601 628 3656 ut
643 3591 682 3656 de
697 3592 898 3679 prouidentia
913 3592 995 3657 sedis
1010 3592 1179 3678 apostolice
1194 3592 1370 3656 uberiorem

171 3699 305 3785 gratiam
331 3706 512 3784 reportaret.
567 3695 637 3762 Nos
659 3706 775 3781 autem,
799 3697 965 3761 intellectis
987 3721 1047 3783 que
1069 3698 1150 3761 circa
1172 3695 1372 3761 commenda-

171 3805 292 3868 tionem
309 3825 438 3887 persone
456 3803 607 3887 premisse
622 3802 725 3866 littere
740 3802 955 3886 continebant,
971 3802 1198 3867 committimus
1214 3810 1373 3887 quatenus

171 3908 199 3972 si
215 3907 343 3971 euidens
358 3907 479 3972 utilitas
495 3907 546 3970 uel
562 3907 727 3972 necessitas
742 3930 858 3992 urgens
873 3907 1021 3992 exegerit,
1037 3930 1107 3970 cnm
1124 3904 1265 3993 predicto
1281 3913 1316 3968 ut
1331 3904 1372 3968 ad

171 4011 315 4076 eamdem
337 4011 496 4076 ecclesiam
517 4011 704 4076 admittatur
719 4011 758 4076 de
780 4035 873 4095 nouo,
890 4012 953 4077 alio
969 4035 1031 4076 non
1048 4012 1191 4076 obstante
1212 4010 1371 4091 canonico,

172 4117 371 4202 dispensetis.

206 4324 348 4391 ¹Bologna
359 4343 411 4376 was
429 4333 475 4376 not
493 4325 595 4376 erected
616 4326 672 4377 into
691 4344 724 4376 an
744 4326 951 4391 arclriepiscopal
971 4344 1012 4376 see
1032 4326 1101 4376 until
1119 4327 1190 4389 1582,
1204 4326 1238 4390 by
1250 4326 1371 4389 Gregory

173 4410 256 4462 XIII.
