3098 5476
166 508 207 572 46
364 521 526 570 xxvrrr.
550 523 600 570 nn
629 521 860 570 nourornro
889 520 1170 572 nncnssnaro.

628 751 676 795 nn
700 751 831 797 nonan.
856 730 914 819 (3).

212 907 333 972 Abbati
356 908 435 972 Case
457 906 540 973 Dei.l
584 907 677 975 Visis
700 906 814 971 litteris
838 929 915 992 quas
934 906 1109 972 venerabili
1131 907 1217 992 patri
1240 906 1364 973 domino

170 1011 208 1077 O.
220 1013 254 1075 in
266 1011 360 1077 titulo
375 1021 480 1077 sancte
494 1011 609 1076 Sabine
623 1011 796 1096 presbitero
812 1010 988 1076 Cardinali²
1002 1034 1060 1096 pro
1071 1050 1205 1061 —
1217 1012 1365 1077 monacho

168 1126 273 1181 uestro
300 1115 399 1181 latore
424 1117 616 1201 presentium
644 1116 783 1194 misistis
807 1116 911 1200 ipsum
937 1138 956 1180 a
980 1124 1069 1180 reatu
1094 1115 1261 1181 homicidii
1287 1116 1364 1202 quod

167 1221 340 1286 commissit
363 1219 404 1284 ad
430 1243 488 1285 uos
513 1219 697 1285 auctoritate
718 1219 841 1284 domini
863 1243 943 1305 pape
966 1220 1155 1284 remittimus
1177 1219 1365 1285 absolutum.

168 1325 242 1393 Vos
268 1333 373 1389 autem
395 1323 598 1389 consideratis
620 1322 788 1408 diligenter
810 1346 870 1409 que
892 1323 956 1387 iam
977 1323 1060 1388 dicte
1082 1323 1187 1388 littere
1209 1324 1365 1390 continent

168 1428 367 1514 presentibus
401 1427 568 1493 intercluse
601 1427 773 1513 iniungatis
805 1427 834 1492 ei
867 1428 1074 1513 penitentiam
1106 1427 1281 1493 salutarem
1312 1429 1367 1493 sub

168 1533 266 1598 uestri
297 1532 418 1597 ordinis
449 1532 650 1597 obseruantia
680 1533 866 1617 peragenda,
897 1531 938 1596 ad
970 1554 1079 1597 omnes
1111 1531 1239 1596 ordines
1270 1532 1366 1597 eidem

169 1659 298 1702 ascensu
320 1637 445 1721 penitus
468 1635 663 1713 interdictu¹

631 1826 678 1871 on
701 1825 833 1872 nonan.
857 1806 914 1894 (4).

213 1984 371 2069 Episcopo
396 1982 563 2048 Fundano.
611 1982 652 2048 G.
676 1982 858 2047 subdiaconi
882 1991 986 2047 uestre
1009 1981 1140 2047 diocesis
1165 1982 1276 2048 latoris
1303 2005 1367 2068 pre·

169 2088 306 2153 sentium
327 2087 481 2152 confessio
503 2087 683 2151 continebat
697 2086 782 2172 quod
805 2109 877 2150 cum
899 2085 979 2150 alter
996 2085 1132 2151 duorum
1155 2087 1310 2150 iuuenum
1331 2085 1366 2151 ad

169 2192 288 2256 luctam
307 2191 485 2255 ludentium
500 2213 594 2276 quem
616 2191 839 2275 consanguinei
861 2190 990 2255 alterius
1013 2191 1247 2256 succumbentis
1270 2191 1370 2256 ledere

170 2296 352 2360 nitebantur
367 2294 507 2359 eiusdem
529 2295 711 2359 subdiaconi
734 2294 911 2359 subsidium
933 2295 1140 2380 implorasset,
1156 2295 1273 2360 accidit
1288 2296 1367 2381 quod

169 2400 248 2464 dum
263 2399 347 2464 idem
361 2398 570 2463 subdiaconus
586 2398 762 2463 intenderet
777 2398 951 2464 defensioni
972 2399 1096 2464 iuuenis
1118 2400 1286 2464 memorati
1302 2423 1368 2485 per-

169 2499 277 2571 cussus
300 2526 401 2567 unum
423 2526 463 2568 ex
485 2504 674 2570 aduersariis
697 2502 775 2568 adeo
798 2504 983 2588 repercussit
1005 2503 1091 2589 quod
1114 2503 1201 2568 infra
1223 2503 1291 2570 dies
1315 2528 1368 2568 xv.

170 2609 335 2694 expirauit.
381 2608 483 2695 Super
497 2631 560 2695 quo
581 2617 638 2672 etc.
655 2630 754 2693 usque
775 2620 930 2693 quatenus
952 2630 1046 2693 super
1060 2607 1251 2676 ‚executione
1273 2608 1368 2673 mino·

171 2736 243 2776 rum
265 2712 415 2777 ordinum
437 2711 604 2777 dumtaxat
626 2722 657 2776 et
680 2712 828 2776 beneficio
851 2711 936 2797 quod
958 2734 1066 2776 curam
1089 2734 1154 2776 non
1178 2712 1294 2777 habeat
1308 2713 1368 2777 ani-

171 2839 296 2881 marum
318 2839 484 2899 annexam,
501 2815 648 2881 scandalo
663 2815 771 2880 etalio
789 2816 939 2880 canonico
956 2839 1019 2881 non
1035 2816 1191 2899 obstante,
1208 2839 1282 2881 cum
1304 2817 1372 2902 ipso

172 2920 414 2986 misericorditer
428 2920 625 3006 dispensetis.

632 3111 680 3154 na
704 3110 836 3156 nonan.
860 3091 917 3178 (5).

216 3268 374 3352 Episcopo
387 3261 581 3333 Ebroicensi.
614 3266 660 3331 H.
672 3267 776 3330 clerici
791 3278 893 3331 uestre
907 3266 1038 3332 diocesis
1052 3266 1162 3332 latoris
1177 3268 1372 3352 presentium

169 3372 279 3458 petitio
295 3371 475 3436 continebat
486 3370 570 3457 quod
586 3394 658 3435 cum
673 3370 804 3456 quidam
819 3370 927 3456 laycus
943 3370 989 3435 M.
1000 3371 1127 3436 nomine
1141 3370 1251 3456 gladio
1267 3372 1371 3459 ipsum

170 3477 333 3561 impeteret
351 3485 382 3540 et
400 3498 472 3539 eum
495 3474 633 3541 occidere
655 3475 822 3539 intentaret
845 3474 929 3539 idem
951 3498 1024 3539 cum
1045 3475 1123 3540 alias
1146 3473 1244 3564 [non]
1269 3485 1372 3562 posset

171 3579 302 3645 euadere
324 3580 431 3665 gladio
453 3579 606 3665 percussit
620 3578 754 3644 eundem
770 3580 825 3665 qui
840 3602 879 3644 ex
894 3579 1092 3664 percussione
1114 3579 1299 3645 huiusmodi
1320 3603 1370 3645 ex·

172 3684 299 3769 pirauit.
346 3684 491 3770 Cumque
514 3693 599 3748 metu
623 3684 875 3769 propinquorum
897 3683 987 3748 occisi
1014 3683 1055 3748 ad
1081 3682 1242 3748 ecclesiam
1264 3684 1372 3750 confir-

171 3789 267 3875 gisset
282 3797 313 3852 et
332 3811 388 3873 per
403 3788 469 3853 dies
491 3788 637 3853 undecim
660 3788 800 3852 latuisset
822 3787 950 3871 ibidem,
966 3810 1023 3852 uos
1045 3810 1085 3852 ne
1107 3810 1239 3853 censura
1261 3787 1374 3853 indicis

172 3892 319 3957 secularis
341 3916 381 3957 ex
395 3892 451 3956 tali
471 3892 564 3977 culpa
580 3891 733 3958 deseuiret
747 3893 781 3955 in
797 3893 901 3977 ipsum
916 3891 1041 3976 cepistis
1063 3891 1199 3957 eundem
1213 3903 1245 3957 et
1260 3893 1371 3957 tandiu

174 3996 308 4061 detineri
335 3996 450 4061 fecistis
476 3998 509 4060 in
535 3997 672 4061 uinculis
696 3997 804 4061 ferreis
827 3997 992 4081 alligatum
1016 4018 1180 4082 quousque
1204 3985 1374 4062 iuramenti

175 4100 304 4166 uinculo
325 4124 357 4166 se
379 4101 528 4166 astrinxit
551 4100 635 4187 quod
658 4100 946 4186 Rothomagensem
969 4100 1069 4165 exiret
1091 4100 1290 4186 prouinciam
1311 4124 1373 4167 non

174 4227 357 4270 reuersurus
371 4205 412 4270 ad
427 4228 507 4286 eam,
524 4205 584 4270 nisi
606 4206 647 4270 ab
661 4205 830 4290 apostolica
846 4205 917 4269 sede
932 4205 1087 4270 obtineret
1102 4205 1275 4287 licentiam,
1291 4205 1373 4293 quod

210 4413 289 4466 ¹The
308 4414 391 4480 abbey
408 4415 438 4465 ol
453 4414 493 4465 La
511 4414 607 4465 Chaise
623 4414 694 4465 Dieu
712 4430 743 4464 or
761 4413 858 4465 Chasse
877 4413 953 4478 Dieu,
967 4412 996 4464 in
1014 4413 1165 4480 Auvergne,
1177 4420 1226 4464 not
1245 4414 1287 4465 far
1306 4414 1374 4464 from

174 4499 353 4634 Billuiberinot
364 4581 419 4632 find
436 4581 465 4632 in
478 4581 632 4633 Ciaeconius
649 4589 676 4632 at
687 4580 742 4632 this
759 4580 852 4647 period
864 4598 880 4631 a
891 4579 1010 4632 cardinal
1022 4580 1106 4646 priest
1116 4581 1146 4632 of
1161 4580 1186 4632 S.
1199 4580 1299 4633 Sabina
1309 4579 1373 4632 with

175 4666 222 4718 the
234 4666 324 4717 initia]
336 4665 364 4716 C.
