3098 5476
632 546 1054 597 LXI.-LXII.-LXIII.

794 792 891 860 LXI.

140 1053 141 1056 Ἴ
241 968 298 1032 Dc
321 987 366 1032 nc
389 987 451 1044 our
475 969 639 1034 Hxnrrus
667 988 728 1033 nsr
750 989 819 1034 rao
841 968 1159 1037 Excouuunrcxro
1181 991 1256 1037 cunr
1283 992 1359 1038 non
1383 991 1444 1041 sm.

285 1143 445 1229 Episcopo
456 1144 621 1229 Aquinati.
666 1143 867 1210 Relationem
885 1144 1027 1230 magistri
1045 1149 1083 1213 G.
1094 1145 1205 1212 cedula
1219 1147 1363 1213 continet
1373 1170 1444 1234 pre-

240 1248 381 1313 sentibus
405 1248 581 1313 interclusa.
627 1248 709 1312 Sane
724 1249 864 1313 narratio
880 1249 956 1313 facti
971 1249 1125 1331 offensum
1142 1273 1206 1316 non
1225 1253 1368 1316 continet
1382 1275 1445 1339 qua

240 1352 574 1417 excommunicationis
598 1352 763 1416 uinculum
779 1353 945 1418 consueuit
961 1354 1089 1422 incurri.
1134 1355 1263 1421 Verum
1278 1366 1445 1443 propterea

239 1454 399 1541 predictus
426 1457 574 1542 magister
596 1479 654 1542 pro
677 1457 949 1523 excommunicato
972 1467 1018 1522 est
1040 1458 1169 1524 habitus
1191 1469 1222 1524 et
1245 1459 1290 1525 sic
1315 1460 1358 1524 ad
1385 1482 1442 1525 uos

241 1559 415 1624 remittitur
429 1559 602 1625 absolutus.
646 1561 720 1627 Vos
742 1569 849 1625 autem
864 1561 891 1625 si
913 1560 1015 1647 placet
1031 1563 1075 1626 sic
1093 1564 1233 1628 tractetis
1255 1562 1392 1629 eundem
1408 1573 1444 1628 ut

242 1686 304 1729 non
321 1664 392 1750 plus
407 1664 537 1729 excedat
552 1664 693 1729 uindicta
708 1687 804 1751 quam
821 1665 1003 1730 inueniatur
1017 1665 1051 1730 iu
1066 1665 1235 1731 excedente
1249 1666 1412 1734 delictum.

779 1978 890 2042 LXII

261 2153 318 2216 Da
340 2172 386 2217 no
409 2171 471 2228 our
496 2153 747 2218 Dnrnunnnnc
770 2152 926 2218 Samson
949 2153 1115 2219 Ennumr
1137 2154 1358 2220 Sancmunu
1381 2176 1421 2220 rx

597 2256 756 2322 Onnrucc
779 2276 851 2322 vnn
874 2256 1079 2323 Rnonnxm.

283 2433 408 2498 Abbati
422 2471 562 2500 --.
609 2433 663 2496 Ex
682 2442 790 2498 tenore
812 2433 988 2498 litterarum
1006 2444 1184 2500 uestrarum
1200 2443 1231 2499 et
1246 2436 1442 2503 confessione

236 2577 368 2587 —
383 2538 576 2623 presentium
589 2537 699 2602 latoris
713 2539 889 2623 accepimus
905 2537 992 2624 quod
1008 2561 1079 2602 cum
1092 2538 1224 2624 quidam
1239 2541 1328 2625 prior
1339 2543 1442 2606 socius

235 2665 312 2707 suus
326 2642 416 2707 duris
433 2642 617 2707 uerberibus
639 2641 744 2728 ipsum
760 2641 913 2727 affligeret
928 2651 959 2706 et
974 2643 1041 2707 eius
1056 2641 1193 2728 digitum
1210 2646 1440 2731 constringeret

236 2747 386 2811 dentibus
409 2748 475 2833 ipse
497 2745 575 2810 dum
598 2747 666 2811 uim
689 2747 722 2811 ui
747 2746 888 2832 legitima
910 2746 1092 2812 defensione
1115 2747 1281 2834 repelleret
1304 2772 1369 2814 non
1393 2751 1442 2814 in-

239 2851 343 2916 ferens
366 2852 514 2915 iniuriam
539 2850 594 2915 sed
614 2850 815 2937 propulsam,
831 2852 960 2936 sanguis
982 2875 999 2916 e
1022 2851 1152 2916 naribus
1174 2851 1308 2938 predicti
1327 2854 1443 2940 prioris

237 2955 371 3039 effluxit,
402 2965 533 3042 propter
562 2955 649 3041 quod
679 2978 736 3020 uos
769 2955 927 3042 prefatum
959 2955 1150 3020 monachum
1180 2955 1220 3021 de
1251 2959 1441 3023 monasterio

236 3070 417 3125 amonentes
449 3062 552 3146 ipsum
585 3061 743 3125 occasione
769 3058 934 3124 cuiusdam
960 3061 1196 3125 constitutionis
1222 3059 1305 3126 edite
1331 3073 1440 3127 contra

238 3164 408 3230 monachos
452 3164 590 3229 eiusdem
634 3164 816 3230 monasterii
853 3187 1050 3251 percussores
1087 3165 1267 3230 iuramento
1304 3167 1439 3250 firmate,

238 3269 374 3355 recipere
404 3268 574 3354 denegatis.
629 3269 731 3355 Super
760 3291 824 3354 qno
854 3278 910 3333 etc.
966 3269 1055 3347 Quia
1085 3291 1161 3334 uero
1191 3292 1255 3333 non
1284 3269 1440 3336 credimus

236 3373 276 3438 ad
301 3374 374 3438 illos
396 3372 570 3459 predictam
586 3373 842 3438 constitutionem
857 3372 986 3437 extendi
1001 3373 1056 3459 qui
1080 3383 1205 3438 seruato
1225 3372 1440 3440 moderamine

239 3478 398 3564 inculpate
429 3478 526 3543 tutele
556 3476 596 3541 ad
625 3476 817 3542 defensionis
848 3477 1021 3541 remedium
1052 3499 1163 3541 manns
1194 3478 1439 3563 repercussionis

237 3592 414 3668 opponunt,
440 3582 617 3668 predictum
649 3581 837 3645 monachum
869 3582 1001 3667 potestis
1027 3581 1163 3667 recipere
1192 3582 1312 3668 absque
1338 3592 1438 3648 trans-

236 3687 394 3772 gressione
417 3687 461 3751 sic
484 3686 606 3772 prestiti
630 3685 822 3750 iuramenti.¹

712 3866 949 3874 .—————.

769 3998 905 4067 LXIII.

560 4176 616 4238 Dn
639 4174 853 4272 Snunnnnns
876 4173 1113 4239 anxronun.

282 4351 529 4437 Archiepiscopo
552 4351 696 4435 Tyrensi.
746 4349 783 4415 P.
806 4351 987 4436 capellanus
1009 4350 1136 4415 ecclesie
1158 4351 1311 4435 Tyrensis
1335 4363 1441 4418 trans·

239 4457 333 4522 missa
360 4456 451 4521 nobis
483 4456 633 4541 petitione
659 4456 849 4519 monstrauit
875 4454 960 4541 quod
987 4477 1060 4518 cum
1086 4454 1169 4518 idem
1196 4454 1237 4519 ad
1263 4457 1440 4522 custodiam

272 4631 281 4661 ¹
293 4631 371 4684 With
383 4648 454 4683 some
472 4629 681 4682 inconsiderable
692 4629 783 4682 verbal
795 4629 948 4681 differences
960 4629 1014 4680 this
1031 4630 1054 4680 is
1071 4646 1087 4680 a
1098 4629 1241 4695 repetition
1252 4630 1283 4682 of
1296 4648 1355 4683 case
1368 4632 1401 4682 14
1412 4632 1443 4683 of

238 4715 289 4766 No.
302 4715 394 4766 XXV.
