3098 5476
176 563 218 626 88
312 563 322 571 “
394 577 542 627 nxxv1.
566 577 616 624 on
645 578 694 625 oo
723 577 795 634 om
823 577 1040 626 cannaaar
1069 578 1159 627 arc.

174 757 374 821 cognoscens,
403 735 567 801 absolutus
593 758 612 800 a
638 736 729 802 uobis
755 736 925 822 apostolice
951 735 1033 801 sedis
1060 736 1263 801 clementiam
1291 736 1435 820 adiit*

177 839 424 904 misericordiam
457 840 624 925 petiturus.
694 839 782 918 Quia
814 862 891 907 uero
926 863 1157 926 nonnunquam
1193 841 1435 927 simplicitaffi

176 953 357 1030 coaptatae
384 945 474 1008 uenie
500 953 717 1030 temperatque
740 945 886 1030 rigorem,
911 944 980 1010 Nos
1006 944 1141 1009 eundem
1166 946 1435 1032 presbiterums

175 1047 218 1112 ad
252 1071 309 1114 uos
340 1047 494 1113 duximus
528 1047 754 1113 remittendum
787 1049 973 1114 auctoritate
1008 1048 1130 1114 domini
1163 1072 1247 1136 pape
1280 1061 1435 1116 uestree

178 1152 346 1238 prudentie
365 1153 596 1217 committentes
614 1161 769 1239 quatenus
792 1153 933 1217 iniuncta
951 1153 978 1217 ei
1000 1162 1056 1219 etc.
1073 1176 1173 1239 usque
1194 1153 1431 1224 admittatis-

654 1331 901 1338 --———--—-—--

694 1465 868 1534 LXXVI.

250 1639 307 1702 Du
331 1658 377 1704 uo
399 1657 462 1715 our
486 1639 680 1704 Cannarum
703 1640 1029 1706 Exconmurucnms
1052 1642 1314 1708 Pansuurrnus

221 1814 381 1900 Episcopo
396 1813 606 1880 Noruicensi.¹
637 1814 778 1881 Thomas
793 1816 949 1901 presbiter
964 1815 1263 1901 canonicusSancte
1273 1817 1380 1882 Trini-

177 1918 252 1983 tatis
276 1917 316 1982 de
338 1956 470 1966 -—
493 1918 585 1984 nobis
612 1918 727 1982 humili
753 1919 947 1985 confessione
970 1921 1159 1985 monstrauit
1182 1920 1272 2006 quod
1297 1921 1379 1986 idern

177 2021 256 2087 olim
270 2021 311 2086 ad
326 2020 513 2086 mandatum
524 2021 686 2087 cuiusdam
705 2023 818 2088 inclusi
833 2024 884 2087 cui
899 2022 939 2088 de
953 2046 1011 2090 suo
1023 2024 1196 2090 sacerdotio
1212 2025 1379 2108 seruiebat,

178 2125 332 2212 quosdam
356 2126 489 2192 barones
511 2127 798 2192 excommunicatos
821 2128 854 2191 in
877 2150 989 2213 genere
1011 2151 1069 2214 pro
1092 2151 1128 2194 eo
1151 2128 1238 2214 quod
1262 2129 1378 2195 illustri

178 2230 245 2316 regi
262 2229 384 2316 Anglie
399 2230 529 2295 rebelles
552 2232 724 2296 extiterant
736 2230 778 2296 ad
798 2231 993 2296 audientiam
1007 2232 1193 2298 diuinorum
1208 2234 1335 2319 recepit,
1351 2242 1380 2298 et

178 2333 257 2398 iuris
272 2334 402 2420 ignarus
417 2334 461 2399 eis
476 2335 674 2420 presentibus
689 2335 869 2400 celebrauit.
916 2334 1020 2421 Super
1031 2358 1095 2422 quo
1110 2337 1290 2422 apostolice
1299 2337 1379 2404 sedis
1403 2357 1413 2365 ·

177 2437 376 2502 clementiam
393 2436 473 2502 adiit
487 2447 519 2503 et
533 2438 573 2502 ad
590 2438 728 2505 hostium
745 2429 956 2505 misericordie
971 2440 1038 2505 eius
1054 2440 1156 2505 multa
1171 2441 1317 2526 pulsauit
1332 2442 1380 2505 in-

177 2542 292 2606 stantia
301 2540 356 2604 diu
369 2551 400 2607 et
410 2542 574 2607 humiliter
585 2543 767 2629 supplicans
782 2544 843 2608 sibi
854 2543 1099 2629 dispensationis
1112 2545 1240 2609 ianuam
1250 2547 1378 2632 aperiri.

179 2645 249 2710 Nos
270 2655 373 2710 autem
397 2647 582 2712 auctoritate
597 2646 719 2713 domini
735 2670 816 2733 pape
838 2659 894 2714 etc.
911 2659 1067 2734 quatenus
1089 2648 1288 2715 considerato
1303 2650 1379 2737 quid

179 2748 280 2831 liceat,
297 2749 374 2834 quid
390 2748 495 2814 deceat
510 2760 542 2815 et
556 2750 634 2837 quid
649 2751 797 2837 expediat
810 2775 883 2816 cum
899 2753 1039 2837 predicto
1055 2753 1092 2818 T.
1108 2752 1148 2818 de
1164 2753 1379 2821 misericordia

178 2876 241 2938 que
256 2853 469 2938 superexaltat
484 2854 612 2938 iudicio,
628 2856 691 2921 alio
707 2879 771 2921 non
787 2857 930 2921 obstante
945 2857 1104 2939 canonico,
1120 2856 1320 2943 dispensetis.

639 3068 687 3112 nn
710 3067 842 3114 nonan.
868 3048 924 3136 (2).

224 3220 383 3306 Episcopo
392 3221 594 3291 Varadiensi.
633 3223 687 3286 Ex
702 3233 809 3289 tenore
824 3223 1001 3289 litterarum
1015 3235 1190 3290 uestrarum
1204 3228 1380 3314 accepimus

180 3324 361 3410 quodcum
386 3327 502 3391 nobilis
525 3328 576 3390 uir
597 3366 729 3376 —
750 3337 839 3410 esset,
861 3329 1046 3393 auctoritate
1071 3330 1261 3396 uenerabilis
1283 3333 1382 3418 patris

213 3498 222 3529 ¹
234 3500 301 3551 This
312 3500 335 3552 is
346 3501 482 3568 evidently
491 3502 537 3554 the
550 3502 718 3554 well-known
730 3503 828 3568 Legata
840 3503 991 3570 Pandulph,
1001 3504 1061 3556 who
1073 3522 1125 3557 was
1135 3504 1236 3558 elected
1246 3505 1344 3574 bishop
1355 3508 1385 3559 of

180 3582 308 3637 Norwich
326 3585 355 3635 in
368 3587 440 3650 1218,
454 3602 506 3637 was
523 3585 688 3637 consecrated
707 3586 736 3636 in
754 3587 819 3636 1222
837 3586 889 3637 and
906 3586 968 3638 died
985 3587 1061 3639 there
1078 3589 1108 3639 in
1120 3589 1193 3640 1226.
1230 3589 1281 3654 (Le
1299 3591 1381 3656 Neve,

181 3669 252 3722 Fast.
266 3669 364 3720 Eccles.
377 3669 483 3734 Anglic.
497 3670 535 3720 ΙΙ.
548 3668 618 3735 460).
653 3669 698 3720 He
710 3687 762 3721 was
778 3677 825 3720 not
839 3687 855 3720 a
870 3669 988 3721 cardinal
1006 3688 1033 3722 aa
1050 3671 1200 3738 frequently
1211 3675 1384 3741 erroneously

179 3751 299 3805 assumed
312 3750 484 3817 (Ciacconius
497 3753 520 3803 Ι.
534 3751 620 3817 1114).
1064 3802 1066 3808 ,

213 3836 271 3887 The
282 3835 365 3886 above
377 3852 434 3886 case
446 3835 469 3887 is
480 3836 608 3902 probably
616 3853 650 3886 an
662 3835 818 3887 incidentia
832 3837 879 3887 the
890 3836 1069 3889 disturbances
1080 3838 1110 3889 of
1119 3839 1166 3890 the
1178 3839 1296 3906 opening
1307 3858 1383 3907 years

178 3920 210 3971 of
230 3919 326 3984 Henry
345 3919 407 3983 ΙΙΙ.,
427 3919 505 3971 when
525 3919 571 3971 the
590 3919 689 3985 Iagate
707 3919 796 3970 Guala
814 3919 972 3972 distributed
990 3922 1262 3974 excommunications
1280 3924 1347 3976 with
1368 3942 1384 3976 a

179 4002 268 4054 lavish
281 4001 361 4052 hand.
398 4002 446 4053 “N
447 4019 482 4053 on
493 4003 608 4054 cessabat
619 4003 721 4068 legatus
732 4003 896 4068 comminari,
909 4004 1145 4070 excommunicare,
1158 4005 1325 4073 interdicere,
1338 4008 1383 4060 sed

179 4103 229 4153 pro
240 4085 329 4136 nihilo
340 4086 512 4151 reputabatur
524 4085 595 4152 apud
612 4086 674 4136 illos
686 4086 747 4153 'ejus
764 4087 901 4138 sententia.
935 4087 1103 4154 Objiciebant
1113 4105 1167 4140 non
1178 4089 1265 4140 solum
1277 4091 1322 4142 illi
1338 4091 1384 4144 sed

179 4169 261 4221 etiam
272 4168 380 4220 domino
392 4169 471 4234 Papae
482 4168 560 4235 quod,
573 4169 727 4220 muneribus
738 4179 884 4221 excoecatus
895 4178 922 4221 et
933 4170 1078 4237 cupiditate
1089 4171 1215 4237 devictus,
1228 4175 1384 4240 supplanta·

179 4261 220 4305 ret
228 4252 361 4320 judicium
373 4260 399 4303 et
410 4251 480 4318 quod
493 4260 593 4304 rectum
605 4260 644 4304 est
654 4254 841 4319 perverteret.”
879 4253 989 4320 (Rogeri
1006 4254 1039 4306 de
1056 4255 1188 4307 Hoveden
1202 4257 1309 4310 Contin.
1322 4276 1384 4315 ann,

180 4337 253 4402 1216,
267 4352 308 4400 ap.
323 4336 394 4387 Dom
411 4335 745 4402 Bouquet,XVIII.183.)
781 4337 819 4388 At
835 4338 882 4388 the
900 4345 1007 4404 capture
1025 4338 1055 4389 of
1069 4338 1184 4390 Lincoln
1202 4339 1231 4391 in
1245 4342 1310 4393 1217
1326 4341 1384 4408 (the

180 4419 283 4472 Fairof
298 4419 412 4471 Lincoln
429 4436 457 4470 as
474 4419 496 4470 it
507 4436 559 4470 was
576 4419 673 4485 called)
687 4419 733 4471 the
750 4420 879 4472 churches
897 4421 1014 4472 afforded
1030 4438 1065 4472 no
1077 4422 1181 4487 asylum
1192 4430 1220 4474 to
1232 4423 1310 4477 those
1322 4427 1383 4477 who

180 4503 235 4554 had
251 4504 348 4569 sought
364 4503 455 4569 refugo
472 4503 555 4554 there,
591 4502 757 4554 “Dicebatur
774 4504 826 4556 hoe
843 4522 877 4556 ex
894 4504 1055 4556 conscientia
1071 4505 1170 4557 factum
1187 4506 1270 4572 legati
1287 4509 1337 4574 qui
1354 4510 1383 4561 in

179 4586 299 4639 exercitu
310 4587 383 4653 regio
396 4586 493 4652 aderat,
506 4603 537 4637 eo
548 4585 620 4652 quod
637 4586 726 4638 elerici
743 4588 860 4639 civitatis
876 4588 987 4640 rebelles
1004 4588 1030 4640 ei
1045 4588 1196 4654 extiterant,
1210 4598 1237 4642 et
1248 4590 1282 4642 ob
1294 4592 1347 4646 hoc
1357 4601 1384 4645 et

180 4670 243 4737 ipsae
253 4670 366 4722 ecclesiae
377 4670 560 4722 contaminatae
577 4677 604 4721 et
615 4669 667 4736 ipsi
684 4670 861 4723 nihilominus
871 4671 919 4738 qui
937 4671 969 4722 ad
987 4671 1101 4724 ecclesiae
1112 4672 1311 4726 immunitatem
1323 4693 1383 4729 con-

179 4754 302 4820 fugerant
313 4752 677 4820 excommunicati.”-—(Ibid.
691 4771 752 4805 ann.
765 4755 838 4819 1217,
851 4772 877 4821 p.
890 4754 961 4821 184).
