<?xml version="1.0" encoding="UTF-8"?>
<!DOCTYPE html PUBLIC "-//W3C//DTD XHTML 1.0 Transitional//EN"
    "http://www.w3.org/TR/xhtml1/DTD/xhtml1-transitional.dtd">
<html xmlns="http://www.w3.org/1999/xhtml" xml:lang="en" lang="en">
 <head>
  <title>
</title>
<meta http-equiv="Content-Type" content="text/html;charset=utf-8" />
  <meta name='ocr-system' content='tesseract 3.04.00' />
  <meta name='ocr-capabilities' content='ocr_page ocr_carea ocr_par ocr_line ocrx_word'/>
</head>
<body>
  <div class='ocr_page' id='page_1' title='image "aformularypapal00leagoog_0052.png"; bbox 0 0 3098 5476; ppageno 0'>
   <div class='ocr_carea' id='block_1_1' title="bbox 670 560 1363 626">
    <p class='ocr_par' dir='ltr' id='par_1_1' title="bbox 670 560 1363 626">
     <span class='ocr_line' id='line_1_1' title="bbox 670 560 1363 626; baseline 0.003 -2"><span class='ocrx_word' id='word_1_1' title='bbox 670 577 852 626; x_wconf 70' lang='lat' dir='ltr'>crunni.</span> <span class='ocrx_word' id='word_1_2' title='bbox 1343 560 1363 626; x_wconf 83' lang='lat'><strong>3</strong></span> 
     </span>
    </p>
   </div>
   <div class='ocr_carea' id='block_1_2' title="bbox 278 734 1364 885">
    <p class='ocr_par' dir='ltr' id='par_1_2' title="bbox 278 734 1364 885">
     <span class='ocr_line' id='line_1_2' title="bbox 1278 734 1364 787; baseline 0.012 -13"><span class='ocrx_word' id='word_1_3' title='bbox 1278 734 1364 787; x_wconf 72' lang='lat' dir='ltr'>[raom]</span> 
     </span>
     <span class='ocr_line' id='line_1_3' title="bbox 278 803 1248 885; baseline -0.003 -19"><span class='ocrx_word' id='word_1_4' title='bbox 278 824 331 866; x_wconf 85' lang='lat' dir='ltr'>nx.</span> <span class='ocrx_word' id='word_1_5' title='bbox 355 806 403 868; x_wconf 98' lang='grc' dir='ltr'>ΒΘ</span> <span class='ocrx_word' id='word_1_6' title='bbox 416 825 451 866; x_wconf 91' lang='lat' dir='ltr'>oo</span> <span class='ocrx_word' id='word_1_7' title='bbox 462 806 516 885; x_wconf 91' lang='lat' dir='ltr'>qui</span> <span class='ocrx_word' id='word_1_8' title='bbox 530 826 590 866; x_wconf 91' lang='lat' dir='ltr'>non</span> <span class='ocrx_word' id='word_1_9' title='bbox 602 804 764 866; x_wconf 90' lang='lat' dir='ltr'>confitetur</span> <span class='ocrx_word' id='word_1_10' title='bbox 774 803 1121 866; x_wconf 78' lang='lat' dir='ltr'>excommunicationem</span> <span class='ocrx_word' id='word_1_11' title='bbox 1132 811 1162 866; x_wconf 91' lang='lat' dir='ltr'>et</span> <span class='ocrx_word' id='word_1_12' title='bbox 1171 803 1248 883; x_wconf 91' lang='lat' dir='ltr'>petit</span> 
     </span>
    </p>
   </div>
   <div class='ocr_carea' id='block_1_3' title="bbox 398 901 1362 978">
    <p class='ocr_par' dir='ltr' id='par_1_3' title="bbox 398 901 1362 978">
     <span class='ocr_line' id='line_1_4' title="bbox 398 901 1362 978; baseline -0.002 -15"><span class='ocrx_word' id='word_1_13' title='bbox 398 902 516 964; x_wconf 90' lang='lat' dir='ltr'>absolui</span> <span class='ocrx_word' id='word_1_14' title='bbox 613 948 1248 962; x_wconf 89' lang='lat'><strong><em>........</em></strong></span> <span class='ocrx_word' id='word_1_15' title='bbox 1293 901 1362 978; x_wconf 83' lang='lat'><strong>[75]</strong></span> 
     </span>
    </p>
   </div>
   <div class='ocr_carea' id='block_1_4' title="bbox 140 1095 1363 4575">
    <p class='ocr_par' dir='ltr' id='par_1_4' title="bbox 140 1095 1363 4575">
     <span class='ocr_line' id='line_1_5' title="bbox 251 1095 1361 1176; baseline -0.003 -19"><span class='ocrx_word' id='word_1_16' title='bbox 251 1116 332 1157; x_wconf 84' lang='lat' dir='ltr'>nxrr.</span> <span class='ocrx_word' id='word_1_17' title='bbox 355 1097 403 1158; x_wconf 93' lang='lat' dir='ltr'>De</span> <span class='ocrx_word' id='word_1_18' title='bbox 417 1118 452 1158; x_wconf 89' lang='lat' dir='ltr'>eo</span> <span class='ocrx_word' id='word_1_19' title='bbox 466 1098 519 1176; x_wconf 93' lang='lat' dir='ltr'>qui</span> <span class='ocrx_word' id='word_1_20' title='bbox 535 1096 655 1157; x_wconf 91' lang='lat' dir='ltr'>habitus</span> <span class='ocrx_word' id='word_1_21' title='bbox 665 1105 710 1157; x_wconf 92' lang='lat' dir='ltr'>est</span> <span class='ocrx_word' id='word_1_22' title='bbox 721 1117 776 1176; x_wconf 93' lang='lat' dir='ltr'>pro</span> <span class='ocrx_word' id='word_1_23' title='bbox 785 1095 1047 1157; x_wconf 85' lang='lat' dir='ltr'>excommunicato</span> <span class='ocrx_word' id='word_1_24' title='bbox 1061 1115 1130 1157; x_wconf 89' lang='lat' dir='ltr'>cum</span> <span class='ocrx_word' id='word_1_25' title='bbox 1141 1115 1201 1156; x_wconf 95' lang='lat' dir='ltr'>non</span> <span class='ocrx_word' id='word_1_26' title='bbox 1211 1095 1250 1156; x_wconf 90' lang='lat' dir='ltr'>sit</span> <span class='ocrx_word' id='word_1_27' title='bbox 1292 1095 1361 1171; x_wconf 83' lang='lat'>[76]</span> 
     </span>
     <span class='ocr_line' id='line_1_6' title="bbox 239 1191 1248 1273; baseline -0.003 -18"><span class='ocrx_word' id='word_1_28' title='bbox 239 1212 333 1255; x_wconf 84' lang='lat' dir='ltr'>nx111.</span> <span class='ocrx_word' id='word_1_29' title='bbox 356 1193 404 1256; x_wconf 93' lang='lat' dir='ltr'>De</span> <span class='ocrx_word' id='word_1_30' title='bbox 423 1214 458 1255; x_wconf 90' lang='lat' dir='ltr'>eo</span> <span class='ocrx_word' id='word_1_31' title='bbox 475 1194 527 1273; x_wconf 94' lang='lat' dir='ltr'>qui</span> <span class='ocrx_word' id='word_1_32' title='bbox 549 1193 737 1254; x_wconf 89' lang='lat' dir='ltr'>defendendo</span> <span class='ocrx_word' id='word_1_33' title='bbox 757 1193 887 1273; x_wconf 92' lang='lat' dir='ltr'>seipsum</span> <span class='ocrx_word' id='word_1_34' title='bbox 902 1193 1009 1254; x_wconf 86' lang='lat' dir='ltr'>effudit</span> <span class='ocrx_word' id='word_1_35' title='bbox 1022 1191 1200 1272; x_wconf 88' lang='lat' dir='ltr'>sanguinem</span> <span class='ocrx_word' id='word_1_36' title='bbox 1216 1192 1248 1252; x_wconf 90' lang='lat' dir='ltr'>in</span> 
     </span>
     <span class='ocr_line' id='line_1_7' title="bbox 398 1289 1360 1370; baseline -0.005 -17"><span class='ocrx_word' id='word_1_37' title='bbox 398 1290 508 1353; x_wconf 90' lang='lat' dir='ltr'>clerico</span> <span class='ocrx_word' id='word_1_38' title='bbox 522 1290 570 1351; x_wconf 92' lang='lat' dir='ltr'>vel</span> <span class='ocrx_word' id='word_1_39' title='bbox 586 1290 720 1370; x_wconf 91' lang='lat' dir='ltr'>regulari</span> <span class='ocrx_word' id='word_1_40' title='bbox 789 1335 1248 1352; x_wconf 86' lang='grc'><strong>......</strong></span> <span class='ocrx_word' id='word_1_41' title='bbox 1292 1289 1360 1365; x_wconf 94' lang='grc'><strong>[76]</strong></span> 
     </span>
     <span class='ocr_line' id='line_1_8' title="bbox 244 1386 1361 1467; baseline -0.003 -19"><span class='ocrx_word' id='word_1_42' title='bbox 244 1407 335 1450; x_wconf 80' lang='lat' dir='ltr'>nxrv.</span> <span class='ocrx_word' id='word_1_43' title='bbox 357 1389 406 1450; x_wconf 94' lang='lat' dir='ltr'>De</span> <span class='ocrx_word' id='word_1_44' title='bbox 419 1387 575 1449; x_wconf 83' lang='lat' dir='ltr'>sententiis</span> <span class='ocrx_word' id='word_1_45' title='bbox 589 1386 758 1467; x_wconf 90' lang='lat' dir='ltr'>legatorum</span> <span class='ocrx_word' id='word_1_46' title='bbox 791 1431 1249 1448; x_wconf 91' lang='grc'><strong>......</strong></span> <span class='ocrx_word' id='word_1_47' title='bbox 1292 1386 1361 1463; x_wconf 96' lang='grc'><strong>[76]</strong></span> 
     </span>
     <span class='ocr_line' id='line_1_9' title="bbox 257 1484 1361 1560; baseline -0.002 -14"><span class='ocrx_word' id='word_1_48' title='bbox 257 1503 333 1546; x_wconf 75' lang='lat' dir='ltr'>axv.</span> <span class='ocrx_word' id='word_1_49' title='bbox 356 1485 404 1546; x_wconf 91' lang='lat' dir='ltr'>De</span> <span class='ocrx_word' id='word_1_50' title='bbox 417 1485 528 1546; x_wconf 89' lang='lat' dir='ltr'>eisdem</span> <span class='ocrx_word' id='word_1_51' title='bbox 542 1494 573 1545; x_wconf 88' lang='lat' dir='ltr'>ot</span> <span class='ocrx_word' id='word_1_52' title='bbox 587 1485 625 1546; x_wconf 93' lang='lat' dir='ltr'>de</span> <span class='ocrx_word' id='word_1_53' title='bbox 639 1485 809 1545; x_wconf 86' lang='lat' dir='ltr'>iuramento</span> <span class='ocrx_word' id='word_1_54' title='bbox 823 1484 959 1545; x_wconf 89' lang='lat' dir='ltr'>relaxato</span> <span class='ocrx_word' id='word_1_55' title='bbox 1060 1532 1067 1545; x_wconf 88' lang='lat'><strong>.</strong></span> <span class='ocrx_word' id='word_1_56' title='bbox 1151 1531 1157 1544; x_wconf 95' lang='lat'><strong>.</strong></span> <span class='ocrx_word' id='word_1_57' title='bbox 1241 1530 1247 1544; x_wconf 93' lang='lat'><em>.</em></span> <span class='ocrx_word' id='word_1_58' title='bbox 1292 1484 1361 1560; x_wconf 95' lang='grc'><strong>[77]</strong></span> 
     </span>
     <span class='ocr_line' id='line_1_10' title="bbox 243 1580 1248 1661; baseline -0.001 -19"><span class='ocrx_word' id='word_1_59' title='bbox 243 1600 335 1643; x_wconf 86' lang='lat' dir='ltr'>nxvr.</span> <span class='ocrx_word' id='word_1_60' title='bbox 357 1582 405 1643; x_wconf 91' lang='lat' dir='ltr'>De</span> <span class='ocrx_word' id='word_1_61' title='bbox 418 1581 572 1642; x_wconf 78' lang='lat' dir='ltr'>sententiis</span> <span class='ocrx_word' id='word_1_62' title='bbox 586 1581 722 1641; x_wconf 90' lang='lat' dir='ltr'>iudicum</span> <span class='ocrx_word' id='word_1_63' title='bbox 736 1580 942 1661; x_wconf 78' lang='lat' dir='ltr'>delegatorum</span> <span class='ocrx_word' id='word_1_64' title='bbox 958 1590 1083 1661; x_wconf 89' lang='lat' dir='ltr'>propter</span> <span class='ocrx_word' id='word_1_65' title='bbox 1093 1589 1248 1642; x_wconf 90' lang='lat' dir='ltr'>contuma-</span> 
     </span>
     <span class='ocr_line' id='line_1_11' title="bbox 397 1677 1361 1758; baseline 0 -20"><span class='ocrx_word' id='word_1_66' title='bbox 397 1679 472 1739; x_wconf 87' lang='lat' dir='ltr'>tiam</span> <span class='ocrx_word' id='word_1_67' title='bbox 486 1677 686 1758; x_wconf 86' lang='lat' dir='ltr'>promulgatis</span> <span class='ocrx_word' id='word_1_68' title='bbox 702 1723 1248 1739; x_wconf 92' lang='grc'><strong>.......</strong></span> <span class='ocrx_word' id='word_1_69' title='bbox 1292 1678 1361 1754; x_wconf 95' lang='grc'><strong>[78]</strong></span> 
     </span>
     <span class='ocr_line' id='line_1_12' title="bbox 226 1774 1361 1858; baseline -0.001 -22"><span class='ocrx_word' id='word_1_70' title='bbox 226 1794 332 1838; x_wconf 84' lang='lat' dir='ltr'>nxvrr.</span> <span class='ocrx_word' id='word_1_71' title='bbox 354 1776 403 1858; x_wconf 85' lang='grc' dir='ltr'>ΒΘ</span> <span class='ocrx_word' id='word_1_72' title='bbox 417 1776 573 1837; x_wconf 85' lang='lat' dir='ltr'>sententiis</span> <span class='ocrx_word' id='word_1_73' title='bbox 587 1775 734 1836; x_wconf 92' lang='lat' dir='ltr'>ordinarii</span> <span class='ocrx_word' id='word_1_74' title='bbox 792 1822 1248 1836; x_wconf 89' lang='grc'><strong>......</strong></span> <span class='ocrx_word' id='word_1_75' title='bbox 1293 1774 1361 1851; x_wconf 92' lang='grc'><strong>[80]</strong></span> 
     </span>
     <span class='ocr_line' id='line_1_13' title="bbox 213 1871 1361 1952; baseline -0.003 -18"><span class='ocrx_word' id='word_1_76' title='bbox 213 1891 333 1934; x_wconf 80' lang='lat' dir='ltr'>nxvm.</span> <span class='ocrx_word' id='word_1_77' title='bbox 356 1873 405 1934; x_wconf 91' lang='grc' dir='ltr'>ΒΘ</span> <span class='ocrx_word' id='word_1_78' title='bbox 418 1874 568 1934; x_wconf 90' lang='lat' dir='ltr'>sententia</span> <span class='ocrx_word' id='word_1_79' title='bbox 581 1872 645 1933; x_wconf 90' lang='lat' dir='ltr'>lata</span> <span class='ocrx_word' id='word_1_80' title='bbox 658 1880 724 1951; x_wconf 93' lang='lat' dir='ltr'>post</span> <span class='ocrx_word' id='word_1_81' title='bbox 737 1871 974 1952; x_wconf 89' lang='lat' dir='ltr'>appellationem</span> <span class='ocrx_word' id='word_1_82' title='bbox 1063 1921 1069 1933; x_wconf 92' lang='lat'><strong>.</strong></span> <span class='ocrx_word' id='word_1_83' title='bbox 1153 1920 1159 1932; x_wconf 92' lang='lat'><strong>.</strong></span> <span class='ocrx_word' id='word_1_84' title='bbox 1242 1918 1248 1932; x_wconf 92' lang='lat'><em>.</em></span> <span class='ocrx_word' id='word_1_85' title='bbox 1293 1871 1361 1948; x_wconf 81' lang='grc'><strong>[82]</strong></span> 
     </span>
     <span class='ocr_line' id='line_1_14' title="bbox 238 1968 1362 2049; baseline -0.002 -19"><span class='ocrx_word' id='word_1_86' title='bbox 238 1989 332 2031; x_wconf 81' lang='lat' dir='ltr'>nxrx.</span> <span class='ocrx_word' id='word_1_87' title='bbox 355 1970 403 2031; x_wconf 92' lang='lat' dir='ltr'>De</span> <span class='ocrx_word' id='word_1_88' title='bbox 418 1968 566 2031; x_wconf 90' lang='lat' dir='ltr'>monacho</span> <span class='ocrx_word' id='word_1_89' title='bbox 581 1968 754 2049; x_wconf 89' lang='lat' dir='ltr'>appellante</span> <span class='ocrx_word' id='word_1_90' title='bbox 768 1970 807 2030; x_wconf 93' lang='lat' dir='ltr'>ab</span> <span class='ocrx_word' id='word_1_91' title='bbox 822 1969 932 2030; x_wconf 82' lang='lat' dir='ltr'>abbate</span> <span class='ocrx_word' id='word_1_92' title='bbox 946 1989 1000 2030; x_wconf 93' lang='lat' dir='ltr'>suo</span> <span class='ocrx_word' id='word_1_93' title='bbox 1062 2017 1069 2030; x_wconf 89' lang='lat'>.</span> <span class='ocrx_word' id='word_1_94' title='bbox 1153 2017 1159 2030; x_wconf 92' lang='lat'><strong>.</strong></span> <span class='ocrx_word' id='word_1_95' title='bbox 1242 2017 1249 2030; x_wconf 91' lang='lat'><strong>.</strong></span> <span class='ocrx_word' id='word_1_96' title='bbox 1293 1969 1362 2046; x_wconf 89' lang='grc'><strong>[84]</strong></span> 
     </span>
     <span class='ocr_line' id='line_1_15' title="bbox 253 2066 1360 2146; baseline -0.004 -18"><span class='ocrx_word' id='word_1_97' title='bbox 253 2085 332 2128; x_wconf 81' lang='lat' dir='ltr'><strong>Lxx.</strong></span> <span class='ocrx_word' id='word_1_98' title='bbox 355 2068 404 2128; x_wconf 94' lang='lat' dir='ltr'>De</span> <span class='ocrx_word' id='word_1_99' title='bbox 417 2067 570 2128; x_wconf 85' lang='lat' dir='ltr'>abbatissa</span> <span class='ocrx_word' id='word_1_100' title='bbox 583 2087 643 2146; x_wconf 92' lang='lat' dir='ltr'>que</span> <span class='ocrx_word' id='word_1_101' title='bbox 656 2067 934 2128; x_wconf 86' lang='lat' dir='ltr'>exeommunicauit</span> <span class='ocrx_word' id='word_1_102' title='bbox 948 2066 1095 2128; x_wconf 91' lang='lat' dir='ltr'>moniales</span> <span class='ocrx_word' id='word_1_103' title='bbox 1151 2113 1157 2127; x_wconf 93' lang='lat'><strong>.</strong></span> <span class='ocrx_word' id='word_1_104' title='bbox 1241 2113 1248 2126; x_wconf 90' lang='lat'>.</span> <span class='ocrx_word' id='word_1_105' title='bbox 1292 2066 1360 2142; x_wconf 85' lang='grc'><strong>[84]</strong></span> 
     </span>
     <span class='ocr_line' id='line_1_16' title="bbox 240 2161 1360 2244; baseline -0.002 -20"><span class='ocrx_word' id='word_1_106' title='bbox 240 2182 333 2225; x_wconf 81' lang='lat' dir='ltr'>Lxxl.</span> <span class='ocrx_word' id='word_1_107' title='bbox 356 2165 404 2225; x_wconf 91' lang='grc' dir='ltr'>ΒΘ</span> <span class='ocrx_word' id='word_1_108' title='bbox 419 2163 635 2225; x_wconf 90' lang='lat' dir='ltr'>committenda</span> <span class='ocrx_word' id='word_1_109' title='bbox 648 2161 835 2224; x_wconf 89' lang='lat' dir='ltr'>absolutione</span> <span class='ocrx_word' id='word_1_110' title='bbox 849 2164 881 2223; x_wconf 91' lang='lat' dir='ltr'>in</span> <span class='ocrx_word' id='word_1_111' title='bbox 895 2183 1004 2244; x_wconf 85' lang='lat' dir='ltr'>genere</span> <span class='ocrx_word' id='word_1_112' title='bbox 1024 2184 1079 2244; x_wconf 92' lang='lat' dir='ltr'>pro</span> <span class='ocrx_word' id='word_1_113' title='bbox 1094 2161 1248 2225; x_wconf 88' lang='lat' dir='ltr'>monachis</span> <span class='ocrx_word' id='word_1_114' title='bbox 1291 2163 1360 2239; x_wconf 84' lang='lat'>[84]</span> 
     </span>
     <span class='ocr_line' id='line_1_17' title="bbox 224 2260 1249 2341; baseline -0.002 -19"><span class='ocrx_word' id='word_1_115' title='bbox 224 2280 331 2323; x_wconf 83' lang='lat' dir='ltr'>nxxn.</span> <span class='ocrx_word' id='word_1_116' title='bbox 354 2261 403 2322; x_wconf 93' lang='lat' dir='ltr'>De</span> <span class='ocrx_word' id='word_1_117' title='bbox 416 2282 452 2322; x_wconf 94' lang='lat' dir='ltr'>eo</span> <span class='ocrx_word' id='word_1_118' title='bbox 466 2260 518 2341; x_wconf 92' lang='lat' dir='ltr'>qui</span> <span class='ocrx_word' id='word_1_119' title='bbox 527 2269 653 2322; x_wconf 89' lang='lat' dir='ltr'>uocatus</span> <span class='ocrx_word' id='word_1_120' title='bbox 667 2261 706 2321; x_wconf 92' lang='lat' dir='ltr'>ad</span> <span class='ocrx_word' id='word_1_121' title='bbox 721 2261 870 2340; x_wconf 86' lang='lat' dir='ltr'>synodum</span> <span class='ocrx_word' id='word_1_122' title='bbox 881 2280 941 2321; x_wconf 93' lang='lat' dir='ltr'>non</span> <span class='ocrx_word' id='word_1_123' title='bbox 953 2261 1078 2322; x_wconf 90' lang='lat' dir='ltr'>accessit</span> <span class='ocrx_word' id='word_1_124' title='bbox 1088 2268 1119 2322; x_wconf 86' lang='lat' dir='ltr'>et</span> <span class='ocrx_word' id='word_1_125' title='bbox 1129 2281 1249 2322; x_wconf 87' lang='lat' dir='ltr'>excom·</span> 
     </span>
     <span class='ocr_line' id='line_1_18' title="bbox 398 2357 1361 2437; baseline -0.002 -19"><span class='ocrx_word' id='word_1_126' title='bbox 398 2359 569 2419; x_wconf 89' lang='lat' dir='ltr'>municatus</span> <span class='ocrx_word' id='word_1_127' title='bbox 584 2357 633 2418; x_wconf 92' lang='lat' dir='ltr'>uel</span> <span class='ocrx_word' id='word_1_128' title='bbox 647 2377 805 2437; x_wconf 89' lang='lat' dir='ltr'>suspensus</span> <span class='ocrx_word' id='word_1_129' title='bbox 819 2367 942 2437; x_wconf 92' lang='lat' dir='ltr'>propter</span> <span class='ocrx_word' id='word_1_130' title='bbox 955 2357 1013 2420; x_wconf 92' lang='lat' dir='ltr'>hoc</span> <span class='ocrx_word' id='word_1_131' title='bbox 1028 2357 1160 2420; x_wconf 77' lang='lat' dir='ltr'>celebrat</span> <span class='ocrx_word' id='word_1_132' title='bbox 1243 2403 1249 2418; x_wconf 92' lang='lat'><strong>.</strong></span> <span class='ocrx_word' id='word_1_133' title='bbox 1293 2357 1361 2433; x_wconf 84' lang='lat'>[85]</span> 
     </span>
     <span class='ocr_line' id='line_1_19' title="bbox 212 2454 1247 2535; baseline -0.002 -19"><span class='ocrx_word' id='word_1_134' title='bbox 212 2474 334 2516; x_wconf 83' lang='lat' dir='ltr'>nxxnr.</span> <span class='ocrx_word' id='word_1_135' title='bbox 355 2455 405 2516; x_wconf 94' lang='lat' dir='ltr'>De</span> <span class='ocrx_word' id='word_1_136' title='bbox 419 2476 453 2516; x_wconf 90' lang='lat' dir='ltr'>eo</span> <span class='ocrx_word' id='word_1_137' title='bbox 467 2455 521 2535; x_wconf 91' lang='lat' dir='ltr'>qui</span> <span class='ocrx_word' id='word_1_138' title='bbox 535 2454 814 2516; x_wconf 86' lang='lat' dir='ltr'>excommunicatus</span> <span class='ocrx_word' id='word_1_139' title='bbox 827 2455 879 2516; x_wconf 93' lang='lat' dir='ltr'>uel</span> <span class='ocrx_word' id='word_1_140' title='bbox 895 2475 1055 2534; x_wconf 88' lang='lat' dir='ltr'>suspensus</span> <span class='ocrx_word' id='word_1_141' title='bbox 1074 2455 1112 2515; x_wconf 87' lang='lat' dir='ltr'>ab</span> <span class='ocrx_word' id='word_1_142' title='bbox 1127 2454 1247 2516; x_wconf 89' lang='lat' dir='ltr'>ordina·</span> 
     </span>
     <span class='ocr_line' id='line_1_20' title="bbox 397 2550 1362 2628; baseline -0.002 -16"><span class='ocrx_word' id='word_1_143' title='bbox 397 2553 442 2614; x_wconf 90' lang='lat' dir='ltr'>rio</span> <span class='ocrx_word' id='word_1_144' title='bbox 456 2573 509 2613; x_wconf 91' lang='lat' dir='ltr'>suo</span> <span class='ocrx_word' id='word_1_145' title='bbox 524 2551 656 2613; x_wconf 90' lang='lat' dir='ltr'>celebrat</span> <span class='ocrx_word' id='word_1_146' title='bbox 670 2551 777 2613; x_wconf 90' lang='lat' dir='ltr'>divina</span> <span class='ocrx_word' id='word_1_147' title='bbox 881 2597 1249 2613; x_wconf 88' lang='grc'><strong>.....</strong></span> <span class='ocrx_word' id='word_1_148' title='bbox 1293 2550 1362 2628; x_wconf 94' lang='grc'><strong>[86]</strong></span> 
     </span>
     <span class='ocr_line' id='line_1_21' title="bbox 140 2634 1249 2729; baseline -0.002 -18"><span class='ocrx_word' id='word_1_149' title='bbox 140 2634 143 2641; x_wconf 51' lang='grc'><strong>’</strong></span> <span class='ocrx_word' id='word_1_150' title='bbox 217 2669 334 2712; x_wconf 84' lang='lat' dir='ltr'>nxxrv.</span> <span class='ocrx_word' id='word_1_151' title='bbox 357 2649 405 2710; x_wconf 88' lang='lat' dir='ltr'>De</span> <span class='ocrx_word' id='word_1_152' title='bbox 418 2671 454 2711; x_wconf 94' lang='lat' dir='ltr'>eo</span> <span class='ocrx_word' id='word_1_153' title='bbox 467 2649 521 2729; x_wconf 94' lang='lat' dir='ltr'>qui</span> <span class='ocrx_word' id='word_1_154' title='bbox 541 2650 663 2728; x_wconf 87' lang='lat' dir='ltr'>ignorat</span> <span class='ocrx_word' id='word_1_155' title='bbox 675 2649 855 2710; x_wconf 89' lang='lat' dir='ltr'>sententiam</span> <span class='ocrx_word' id='word_1_156' title='bbox 870 2648 967 2710; x_wconf 90' lang='lat' dir='ltr'>latam</span> <span class='ocrx_word' id='word_1_157' title='bbox 981 2649 1021 2710; x_wconf 92' lang='lat' dir='ltr'>ab</span> <span class='ocrx_word' id='word_1_158' title='bbox 1042 2649 1181 2728; x_wconf 87' lang='lat' dir='ltr'>episcopo</span> <span class='ocrx_word' id='word_1_159' title='bbox 1195 2668 1249 2709; x_wconf 92' lang='lat' dir='ltr'>suo</span> 
     </span>
     <span class='ocr_line' id='line_1_22' title="bbox 399 2729 1362 2820; baseline -0.001 -13"><span class='ocrx_word' id='word_1_160' title='bbox 399 2755 505 2807; x_wconf 89' lang='lat' dir='ltr'>contra</span> <span class='ocrx_word' id='word_1_161' title='bbox 519 2766 587 2807; x_wconf 92' lang='lat' dir='ltr'>eum</span> <span class='ocrx_word' id='word_1_162' title='bbox 602 2753 633 2806; x_wconf 92' lang='lat' dir='ltr'>et</span> <span class='ocrx_word' id='word_1_163' title='bbox 647 2744 780 2806; x_wconf 88' lang='lat' dir='ltr'>celebrat</span> <span class='ocrx_word' id='word_1_164' title='bbox 882 2791 1250 2807; x_wconf 90' lang='grc'><strong>.....</strong></span> <span class='ocrx_word' id='word_1_165' title='bbox 1294 2729 1362 2820; x_wconf 92' lang='grc'><strong>[86]</strong></span> 
     </span>
     <span class='ocr_line' id='line_1_23' title="bbox 232 2842 1362 2923; baseline -0.002 -18"><span class='ocrx_word' id='word_1_166' title='bbox 232 2863 334 2905; x_wconf 84' lang='lat' dir='ltr'>nxxv.</span> <span class='ocrx_word' id='word_1_167' title='bbox 357 2844 406 2905; x_wconf 88' lang='lat' dir='ltr'>De</span> <span class='ocrx_word' id='word_1_168' title='bbox 420 2843 692 2905; x_wconf 85' lang='lat' dir='ltr'>excommunicatis</span> <span class='ocrx_word' id='word_1_169' title='bbox 713 2843 745 2902; x_wconf 92' lang='lat' dir='ltr'>in</span> <span class='ocrx_word' id='word_1_170' title='bbox 759 2862 867 2922; x_wconf 87' lang='lat' dir='ltr'>genere</span> <span class='ocrx_word' id='word_1_171' title='bbox 887 2854 1012 2923; x_wconf 87' lang='lat' dir='ltr'>propter</span> <span class='ocrx_word' id='word_1_172' title='bbox 1026 2843 1149 2922; x_wconf 91' lang='lat' dir='ltr'>culpam</span> <span class='ocrx_word' id='word_1_173' title='bbox 1164 2862 1251 2903; x_wconf 90' lang='lat' dir='ltr'>suam</span> <span class='ocrx_word' id='word_1_174' title='bbox 1293 2842 1362 2918; x_wconf 88' lang='grc'><strong>[87]</strong></span> 
     </span>
     <span class='ocr_line' id='line_1_24' title="bbox 222 2938 1266 3020; baseline -0.003 -17"><span class='ocrx_word' id='word_1_175' title='bbox 222 2959 336 3004; x_wconf 75' lang='lat' dir='ltr'>nxxva</span> <span class='ocrx_word' id='word_1_176' title='bbox 358 2941 408 3002; x_wconf 92' lang='lat' dir='ltr'>De</span> <span class='ocrx_word' id='word_1_177' title='bbox 426 2961 461 3002; x_wconf 89' lang='lat' dir='ltr'>eo</span> <span class='ocrx_word' id='word_1_178' title='bbox 480 2940 532 3020; x_wconf 91' lang='lat' dir='ltr'>qui</span> <span class='ocrx_word' id='word_1_179' title='bbox 550 2940 786 3001; x_wconf 85' lang='lat' dir='ltr'>communicauit</span> <span class='ocrx_word' id='word_1_180' title='bbox 802 2940 1073 3002; x_wconf 85' lang='lat' dir='ltr'>excommunicatis</span> <span class='ocrx_word' id='word_1_181' title='bbox 1091 2960 1110 3000; x_wconf 99' lang='lat' dir='ltr'>a</span> <span class='ocrx_word' id='word_1_182' title='bbox 1128 2938 1266 3001; x_wconf 79' lang='lat' dir='ltr'>domino·</span> 
     </span>
     <span class='ocr_line' id='line_1_25' title="bbox 399 3034 1362 3118; baseline -0.003 -20"><span class='ocrx_word' id='word_1_183' title='bbox 399 3058 480 3118; x_wconf 85' lang='lat' dir='ltr'>papa</span> <span class='ocrx_word' id='word_1_184' title='bbox 494 3045 524 3098; x_wconf 90' lang='lat' dir='ltr'>et</span> <span class='ocrx_word' id='word_1_185' title='bbox 538 3045 732 3117; x_wconf 91' lang='lat' dir='ltr'>promouetur</span> <span class='ocrx_word' id='word_1_186' title='bbox 746 3058 807 3097; x_wconf 95' lang='lat' dir='ltr'>non</span> <span class='ocrx_word' id='word_1_187' title='bbox 822 3036 980 3099; x_wconf 88' lang='lat' dir='ltr'>absolutus</span> <span class='ocrx_word' id='word_1_188' title='bbox 1062 3083 1069 3096; x_wconf 91' lang='lat'><strong>.</strong></span> <span class='ocrx_word' id='word_1_189' title='bbox 1153 3083 1159 3097; x_wconf 90' lang='lat'><strong>.</strong></span> <span class='ocrx_word' id='word_1_190' title='bbox 1243 3083 1249 3096; x_wconf 88' lang='lat'><strong>.</strong></span> <span class='ocrx_word' id='word_1_191' title='bbox 1293 3034 1362 3111; x_wconf 93' lang='grc'><strong>[87]</strong></span> 
     </span>
     <span class='ocr_line' id='line_1_26' title="bbox 203 3132 1362 3214; baseline -0.004 -18"><span class='ocrx_word' id='word_1_192' title='bbox 203 3153 334 3198; x_wconf 83' lang='lat' dir='ltr'>nxxvrr.</span> <span class='ocrx_word' id='word_1_193' title='bbox 357 3135 406 3196; x_wconf 92' lang='lat' dir='ltr'>De</span> <span class='ocrx_word' id='word_1_194' title='bbox 418 3155 453 3196; x_wconf 89' lang='lat' dir='ltr'>eo</span> <span class='ocrx_word' id='word_1_195' title='bbox 467 3134 520 3214; x_wconf 93' lang='lat' dir='ltr'>qui</span> <span class='ocrx_word' id='word_1_196' title='bbox 534 3133 667 3196; x_wconf 88' lang='lat' dir='ltr'>celebrat</span> <span class='ocrx_word' id='word_1_197' title='bbox 680 3135 950 3196; x_wconf 84' lang='lat' dir='ltr'>excommunicatis</span> <span class='ocrx_word' id='word_1_198' title='bbox 964 3134 1153 3214; x_wconf 88' lang='lat' dir='ltr'>presentibus</span> <span class='ocrx_word' id='word_1_199' title='bbox 1243 3179 1249 3193; x_wconf 92' lang='lat'>.</span> <span class='ocrx_word' id='word_1_200' title='bbox 1293 3132 1362 3209; x_wconf 90' lang='lat'><em>[88]</em></span> 
     </span>
     <span class='ocr_line' id='line_1_27' title="bbox 186 3231 1250 3312; baseline -0.004 -17"><span class='ocrx_word' id='word_1_201' title='bbox 186 3252 333 3296; x_wconf 80' lang='lat' dir='ltr'>nxxvm.</span> <span class='ocrx_word' id='word_1_202' title='bbox 355 3232 404 3294; x_wconf 88' lang='lat' dir='ltr'>De</span> <span class='ocrx_word' id='word_1_203' title='bbox 417 3253 452 3294; x_wconf 94' lang='lat' dir='ltr'>eo</span> <span class='ocrx_word' id='word_1_204' title='bbox 467 3233 520 3312; x_wconf 86' lang='lat' dir='ltr'>qui</span> <span class='ocrx_word' id='word_1_205' title='bbox 534 3232 814 3293; x_wconf 87' lang='lat' dir='ltr'>excommunicatus</span> <span class='ocrx_word' id='word_1_206' title='bbox 827 3232 859 3291; x_wconf 92' lang='lat' dir='ltr'>in</span> <span class='ocrx_word' id='word_1_207' title='bbox 875 3251 984 3312; x_wconf 92' lang='lat' dir='ltr'>genere</span> <span class='ocrx_word' id='word_1_208' title='bbox 998 3240 1043 3293; x_wconf 91' lang='lat' dir='ltr'>est</span> <span class='ocrx_word' id='word_1_209' title='bbox 1054 3252 1109 3311; x_wconf 93' lang='lat' dir='ltr'>pro</span> <span class='ocrx_word' id='word_1_210' title='bbox 1123 3231 1205 3292; x_wconf 81' lang='lat' dir='ltr'>furto</span> <span class='ocrx_word' id='word_1_211' title='bbox 1219 3239 1250 3291; x_wconf 90' lang='lat' dir='ltr'>et</span> 
     </span>
     <span class='ocr_line' id='line_1_28' title="bbox 399 3327 1363 3403; baseline -0.005 -12"><span class='ocrx_word' id='word_1_212' title='bbox 399 3329 532 3391; x_wconf 88' lang='lat' dir='ltr'>celebrat</span> <span class='ocrx_word' id='word_1_213' title='bbox 614 3374 1250 3389; x_wconf 93' lang='grc'><strong>........</strong></span> <span class='ocrx_word' id='word_1_214' title='bbox 1294 3327 1363 3403; x_wconf 92' lang='grc'><strong>[89]</strong></span> 
     </span>
     <span class='ocr_line' id='line_1_29' title="bbox 216 3425 1248 3506; baseline -0.003 -18"><span class='ocrx_word' id='word_1_215' title='bbox 216 3445 335 3488; x_wconf 82' lang='lat' dir='ltr'>nxxrx.</span> <span class='ocrx_word' id='word_1_216' title='bbox 358 3427 406 3488; x_wconf 91' lang='lat' dir='ltr'>De</span> <span class='ocrx_word' id='word_1_217' title='bbox 420 3447 455 3488; x_wconf 88' lang='lat' dir='ltr'>eo</span> <span class='ocrx_word' id='word_1_218' title='bbox 469 3428 522 3506; x_wconf 92' lang='lat' dir='ltr'>qui</span> <span class='ocrx_word' id='word_1_219' title='bbox 536 3425 658 3487; x_wconf 89' lang='lat' dir='ltr'>dubitat</span> <span class='ocrx_word' id='word_1_220' title='bbox 666 3427 981 3488; x_wconf 88' lang='lat' dir='ltr'>excommunicatione</span> <span class='ocrx_word' id='word_1_221' title='bbox 995 3426 1092 3487; x_wconf 90' lang='lat' dir='ltr'>teneri</span> <span class='ocrx_word' id='word_1_222' title='bbox 1107 3446 1177 3487; x_wconf 93' lang='lat' dir='ltr'>cum</span> <span class='ocrx_word' id='word_1_223' title='bbox 1187 3444 1248 3486; x_wconf 94' lang='lat' dir='ltr'>non</span> 
     </span>
     <span class='ocr_line' id='line_1_30' title="bbox 399 3521 1362 3598; baseline -0.004 -13"><span class='ocrx_word' id='word_1_224' title='bbox 399 3525 437 3585; x_wconf 90' lang='lat' dir='ltr'>sit</span> <span class='ocrx_word' id='word_1_225' title='bbox 450 3524 732 3585; x_wconf 88' lang='lat' dir='ltr'>excommunicatus</span> <span class='ocrx_word' id='word_1_226' title='bbox 794 3568 1250 3584; x_wconf 90' lang='grc'><strong>......</strong></span> <span class='ocrx_word' id='word_1_227' title='bbox 1294 3521 1362 3598; x_wconf 87' lang='grc'><strong>[90]</strong></span> 
     </span>
     <span class='ocr_line' id='line_1_31' title="bbox 230 3619 1362 3701; baseline -0.004 -19"><span class='ocrx_word' id='word_1_228' title='bbox 230 3641 335 3683; x_wconf 81' lang='lat' dir='ltr'>nxxx.</span> <span class='ocrx_word' id='word_1_229' title='bbox 358 3622 407 3682; x_wconf 90' lang='grc' dir='ltr'>ΒΘ</span> <span class='ocrx_word' id='word_1_230' title='bbox 421 3641 456 3682; x_wconf 88' lang='lat' dir='ltr'>eo</span> <span class='ocrx_word' id='word_1_231' title='bbox 470 3622 523 3701; x_wconf 92' lang='lat' dir='ltr'>qui</span> <span class='ocrx_word' id='word_1_232' title='bbox 537 3629 640 3700; x_wconf 89' lang='lat' dir='ltr'>portat</span> <span class='ocrx_word' id='word_1_233' title='bbox 653 3641 700 3682; x_wconf 90' lang='lat' dir='ltr'>res</span> <span class='ocrx_word' id='word_1_234' title='bbox 715 3621 824 3682; x_wconf 84' lang='lat' dir='ltr'>uetitas</span> <span class='ocrx_word' id='word_1_235' title='bbox 838 3622 991 3682; x_wconf 84' lang='lat' dir='ltr'>saracenis</span> <span class='ocrx_word' id='word_1_236' title='bbox 1063 3668 1069 3681; x_wconf 94' lang='lat'>.</span> <span class='ocrx_word' id='word_1_237' title='bbox 1153 3668 1159 3681; x_wconf 94' lang='lat'><strong>.</strong></span> <span class='ocrx_word' id='word_1_238' title='bbox 1200 3629 1203 3635; x_wconf 83' lang='grc'>’</span> <span class='ocrx_word' id='word_1_239' title='bbox 1243 3668 1249 3681; x_wconf 93' lang='grc'><em>.</em></span> <span class='ocrx_word' id='word_1_240' title='bbox 1293 3619 1362 3695; x_wconf 79' lang='grc'><strong>[92]</strong></span> 
     </span>
     <span class='ocr_line' id='line_1_32' title="bbox 213 3717 1249 3798; baseline -0.003 -18"><span class='ocrx_word' id='word_1_241' title='bbox 213 3737 331 3780; x_wconf 78' lang='lat' dir='ltr'>Lxxxn</span> <span class='ocrx_word' id='word_1_242' title='bbox 354 3719 403 3781; x_wconf 97' lang='grc' dir='ltr'>ΒΘ</span> <span class='ocrx_word' id='word_1_243' title='bbox 416 3717 677 3780; x_wconf 87' lang='lat' dir='ltr'>excommunicato</span> <span class='ocrx_word' id='word_1_244' title='bbox 695 3738 713 3778; x_wconf 90' lang='lat' dir='ltr'>a</span> <span class='ocrx_word' id='word_1_245' title='bbox 729 3717 830 3796; x_wconf 90' lang='lat' dir='ltr'>legato</span> <span class='ocrx_word' id='word_1_246' title='bbox 845 3725 968 3798; x_wconf 87' lang='lat' dir='ltr'>propter</span> <span class='ocrx_word' id='word_1_247' title='bbox 982 3719 1203 3780; x_wconf 89' lang='lat' dir='ltr'>contumaciam</span> <span class='ocrx_word' id='word_1_248' title='bbox 1219 3724 1249 3778; x_wconf 90' lang='lat' dir='ltr'>et</span> 
     </span>
     <span class='ocr_line' id='line_1_33' title="bbox 400 3813 1363 3895; baseline -0.005 -18"><span class='ocrx_word' id='word_1_249' title='bbox 400 3815 522 3895; x_wconf 82' lang='lat' dir='ltr'>expirat</span> <span class='ocrx_word' id='word_1_250' title='bbox 536 3815 600 3876; x_wconf 93' lang='lat' dir='ltr'>eius</span> <span class='ocrx_word' id='word_1_251' title='bbox 614 3816 778 3877; x_wconf 88' lang='lat' dir='ltr'>auctoritas</span> <span class='ocrx_word' id='word_1_252' title='bbox 793 3861 1250 3877; x_wconf 92' lang='grc'><strong>......</strong></span> <span class='ocrx_word' id='word_1_253' title='bbox 1294 3813 1363 3890; x_wconf 89' lang='grc'><strong>[93]</strong></span> 
     </span>
     <span class='ocr_line' id='line_1_34' title="bbox 202 3911 1249 3992; baseline -0.003 -18"><span class='ocrx_word' id='word_1_254' title='bbox 202 3931 335 3974; x_wconf 80' lang='lat' dir='ltr'>nxxxn.</span> <span class='ocrx_word' id='word_1_255' title='bbox 357 3913 406 3974; x_wconf 92' lang='lat' dir='ltr'>De</span> <span class='ocrx_word' id='word_1_256' title='bbox 426 3933 461 3975; x_wconf 93' lang='lat' dir='ltr'>eo</span> <span class='ocrx_word' id='word_1_257' title='bbox 482 3913 536 3992; x_wconf 93' lang='lat' dir='ltr'>qui</span> <span class='ocrx_word' id='word_1_258' title='bbox 552 3913 833 3974; x_wconf 88' lang='lat' dir='ltr'>excommunicatus</span> <span class='ocrx_word' id='word_1_259' title='bbox 853 3911 913 3973; x_wconf 85' lang='lat' dir='ltr'>fuit</span> <span class='ocrx_word' id='word_1_260' title='bbox 932 3921 1056 3992; x_wconf 86' lang='lat' dir='ltr'>propter</span> <span class='ocrx_word' id='word_1_261' title='bbox 1075 3912 1249 3973; x_wconf 87' lang='lat' dir='ltr'>uicesimam</span> 
     </span>
     <span class='ocr_line' id='line_1_35' title="bbox 399 4009 1248 4090; baseline -0.004 -19"><span class='ocrx_word' id='word_1_262' title='bbox 399 4010 553 4071; x_wconf 87' lang='lat' dir='ltr'>detentam</span> <span class='ocrx_word' id='word_1_263' title='bbox 567 4018 597 4070; x_wconf 92' lang='lat' dir='ltr'>et</span> <span class='ocrx_word' id='word_1_264' title='bbox 611 4010 736 4072; x_wconf 88' lang='lat' dir='ltr'>decessit</span> <span class='ocrx_word' id='word_1_265' title='bbox 749 4018 913 4090; x_wconf 91' lang='lat' dir='ltr'>antequam</span> <span class='ocrx_word' id='word_1_266' title='bbox 927 4009 1107 4089; x_wconf 90' lang='lat' dir='ltr'>perueniant</span> <span class='ocrx_word' id='word_1_267' title='bbox 1121 4010 1161 4070; x_wconf 90' lang='lat' dir='ltr'>ad</span> <span class='ocrx_word' id='word_1_268' title='bbox 1178 4029 1248 4070; x_wconf 92' lang='lat' dir='ltr'>eum</span> 
     </span>
     <span class='ocr_line' id='line_1_36' title="bbox 400 4104 1362 4182; baseline -0.003 -16"><span class='ocrx_word' id='word_1_269' title='bbox 400 4107 501 4168; x_wconf 91' lang='lat' dir='ltr'>littere</span> <span class='ocrx_word' id='word_1_270' title='bbox 515 4106 714 4168; x_wconf 90' lang='lat' dir='ltr'>absolutionis</span> <span class='ocrx_word' id='word_1_271' title='bbox 795 4148 1249 4168; x_wconf 92' lang='grc'><strong><em>......</em></strong></span> <span class='ocrx_word' id='word_1_272' title='bbox 1294 4104 1362 4182; x_wconf 88' lang='grc'><strong>[93]</strong></span> 
     </span>
     <span class='ocr_line' id='line_1_37' title="bbox 189 4203 1363 4279; baseline -0.003 -14"><span class='ocrx_word' id='word_1_273' title='bbox 189 4223 336 4265; x_wconf 80' lang='lat' dir='ltr'>nxxxrrr.</span> <span class='ocrx_word' id='word_1_274' title='bbox 359 4204 408 4265; x_wconf 90' lang='grc' dir='ltr'>ΒΘ</span> <span class='ocrx_word' id='word_1_275' title='bbox 421 4204 615 4266; x_wconf 87' lang='lat' dir='ltr'>incendiariis</span> <span class='ocrx_word' id='word_1_276' title='bbox 704 4248 1250 4264; x_wconf 86' lang='grc'><strong>.......</strong></span> <span class='ocrx_word' id='word_1_277' title='bbox 1294 4203 1363 4279; x_wconf 88' lang='grc'><strong>[95]</strong></span> 
     </span>
     <span class='ocr_line' id='line_1_38' title="bbox 193 4299 1362 4379; baseline -0.003 -17"><span class='ocrx_word' id='word_1_278' title='bbox 193 4319 336 4363; x_wconf 78' lang='lat' dir='ltr'><strong>Lxxx1v.</strong></span> <span class='ocrx_word' id='word_1_279' title='bbox 358 4301 407 4362; x_wconf 92' lang='lat' dir='ltr'>De</span> <span class='ocrx_word' id='word_1_280' title='bbox 422 4299 643 4363; x_wconf 90' lang='lat' dir='ltr'>concubinariis</span> <span class='ocrx_word' id='word_1_281' title='bbox 657 4301 927 4362; x_wconf 86' lang='lat' dir='ltr'>excommunicatis</span> <span class='ocrx_word' id='word_1_282' title='bbox 941 4320 961 4361; x_wconf 87' lang='lat' dir='ltr'>a</span> <span class='ocrx_word' id='word_1_283' title='bbox 974 4300 1083 4379; x_wconf 89' lang='lat' dir='ltr'>legatis</span> <span class='ocrx_word' id='word_1_284' title='bbox 1153 4347 1158 4360; x_wconf 93' lang='lat'><strong>.</strong></span> <span class='ocrx_word' id='word_1_285' title='bbox 1242 4347 1249 4360; x_wconf 88' lang='lat'><strong>.</strong></span> <span class='ocrx_word' id='word_1_286' title='bbox 1293 4300 1362 4376; x_wconf 90' lang='grc'><strong>[95]</strong></span> 
     </span>
     <span class='ocr_line' id='line_1_39' title="bbox 207 4397 1361 4472; baseline -0.003 -12"><span class='ocrx_word' id='word_1_287' title='bbox 207 4417 335 4460; x_wconf 81' lang='lat' dir='ltr'>nxxxv.</span> <span class='ocrx_word' id='word_1_288' title='bbox 357 4398 406 4460; x_wconf 91' lang='grc' dir='ltr'>ΒΘ</span> <span class='ocrx_word' id='word_1_289' title='bbox 420 4398 570 4459; x_wconf 89' lang='lat' dir='ltr'>sententia</span> <span class='ocrx_word' id='word_1_290' title='bbox 584 4399 732 4459; x_wconf 93' lang='lat' dir='ltr'>ordinarii</span> <span class='ocrx_word' id='word_1_291' title='bbox 747 4405 854 4460; x_wconf 91' lang='lat' dir='ltr'>contra</span> <span class='ocrx_word' id='word_1_292' title='bbox 869 4397 1100 4460; x_wconf 89' lang='lat' dir='ltr'>concubinarios</span> <span class='ocrx_word' id='word_1_293' title='bbox 1152 4445 1159 4458; x_wconf 92' lang='lat'>.</span> <span class='ocrx_word' id='word_1_294' title='bbox 1242 4443 1249 4456; x_wconf 88' lang='lat'>.</span> <span class='ocrx_word' id='word_1_295' title='bbox 1293 4397 1361 4472; x_wconf 90' lang='grc'><strong>[97]</strong></span> 
     </span>
     <span class='ocr_line' id='line_1_40' title="bbox 194 4494 1361 4575; baseline -0.003 -18"><span class='ocrx_word' id='word_1_296' title='bbox 194 4514 336 4558; x_wconf 79' lang='lat' dir='ltr'>nxxxvr.</span> <span class='ocrx_word' id='word_1_297' title='bbox 358 4495 407 4556; x_wconf 91' lang='grc' dir='ltr'>ΒΘ</span> <span class='ocrx_word' id='word_1_298' title='bbox 421 4516 456 4556; x_wconf 94' lang='lat' dir='ltr'>eo</span> <span class='ocrx_word' id='word_1_299' title='bbox 470 4496 524 4575; x_wconf 91' lang='lat' dir='ltr'>qui</span> <span class='ocrx_word' id='word_1_300' title='bbox 538 4497 699 4575; x_wconf 88' lang='lat' dir='ltr'>resumpsit</span> <span class='ocrx_word' id='word_1_301' title='bbox 713 4495 913 4557; x_wconf 86' lang='lat' dir='ltr'>concubinam</span> <span class='ocrx_word' id='word_1_302' title='bbox 929 4515 1022 4574; x_wconf 86' lang='lat' dir='ltr'>quam</span> <span class='ocrx_word' id='word_1_303' title='bbox 1036 4495 1193 4556; x_wconf 90' lang='lat' dir='ltr'>abiurauit</span> <span class='ocrx_word' id='word_1_304' title='bbox 1243 4540 1249 4555; x_wconf 92' lang='lat'><strong>.</strong></span> <span class='ocrx_word' id='word_1_305' title='bbox 1293 4494 1361 4569; x_wconf 86' lang='lat'>[98]</span> 
     </span>
    </p>
   </div>
   <div class='ocr_carea' id='block_1_5' title="bbox 166 4659 1363 4813">
    <p class='ocr_par' dir='ltr' id='par_1_5' title="bbox 166 4659 1363 4813">
     <span class='ocr_line' id='line_1_41' title="bbox 199 4659 1363 4728; baseline -0.003 -14"><span class='ocrx_word' id='word_1_306' title='bbox 199 4662 208 4693; x_wconf 88' lang='lat'>¹</span> <span class='ocrx_word' id='word_1_307' title='bbox 219 4663 285 4715; x_wconf 88' lang='lat' dir='ltr'>This</span> <span class='ocrx_word' id='word_1_308' title='bbox 301 4663 357 4716; x_wconf 90' lang='lat' dir='ltr'>line</span> <span class='ocrx_word' id='word_1_309' title='bbox 368 4662 391 4714; x_wconf 88' lang='lat' dir='ltr'>is</span> <span class='ocrx_word' id='word_1_310' title='bbox 402 4663 484 4714; x_wconf 88' lang='lat' dir='ltr'>blank</span> <span class='ocrx_word' id='word_1_311' title='bbox 495 4663 524 4714; x_wconf 93' lang='lat' dir='ltr'>in</span> <span class='ocrx_word' id='word_1_312' title='bbox 536 4662 583 4714; x_wconf 87' lang='lat' dir='ltr'>the</span> <span class='ocrx_word' id='word_1_313' title='bbox 594 4662 683 4727; x_wconf 81' lang='lat' dir='ltr'>Table,</span> <span class='ocrx_word' id='word_1_314' title='bbox 696 4662 748 4714; x_wconf 91' lang='lat' dir='ltr'>and</span> <span class='ocrx_word' id='word_1_315' title='bbox 760 4663 806 4713; x_wconf 92' lang='lat' dir='ltr'>the</span> <span class='ocrx_word' id='word_1_316' title='bbox 821 4662 976 4728; x_wconf 85' lang='lat' dir='ltr'>suceesding</span> <span class='ocrx_word' id='word_1_317' title='bbox 986 4662 1110 4714; x_wconf 90' lang='lat' dir='ltr'>numbers</span> <span class='ocrx_word' id='word_1_318' title='bbox 1125 4679 1169 4714; x_wconf 87' lang='lat' dir='ltr'>are</span> <span class='ocrx_word' id='word_1_319' title='bbox 1181 4660 1217 4713; x_wconf 81' lang='lat' dir='ltr'>all</span> <span class='ocrx_word' id='word_1_320' title='bbox 1230 4659 1363 4712; x_wconf 85' lang='lat' dir='ltr'>advanced</span> 
     </span>
     <span class='ocr_line' id='line_1_42' title="bbox 166 4746 795 4813; baseline -0.005 -14"><span class='ocrx_word' id='word_1_321' title='bbox 166 4747 269 4813; x_wconf 86' lang='lat' dir='ltr'>beyond</span> <span class='ocrx_word' id='word_1_322' title='bbox 282 4747 356 4799; x_wconf 84' lang='lat' dir='ltr'>those</span> <span class='ocrx_word' id='word_1_323' title='bbox 368 4747 397 4798; x_wconf 93' lang='lat' dir='ltr'>in</span> <span class='ocrx_word' id='word_1_324' title='bbox 409 4747 455 4798; x_wconf 91' lang='lat' dir='ltr'>the</span> <span class='ocrx_word' id='word_1_325' title='bbox 467 4754 532 4811; x_wconf 85' lang='lat' dir='ltr'>text,</span> <span class='ocrx_word' id='word_1_326' title='bbox 545 4763 581 4812; x_wconf 93' lang='lat' dir='ltr'>up</span> <span class='ocrx_word' id='word_1_327' title='bbox 594 4754 620 4798; x_wconf 91' lang='lat' dir='ltr'>to</span> <span class='ocrx_word' id='word_1_328' title='bbox 633 4746 684 4796; x_wconf 88' lang='lat' dir='ltr'>No.</span> <span class='ocrx_word' id='word_1_329' title='bbox 697 4761 795 4798; x_wconf 69' lang='lat' dir='ltr'>ccxix.</span> 
     </span>
    </p>
   </div>
   <div class='ocr_carea' id='block_1_6' title="bbox 0 0 1554 5476">
    <p class='ocr_par' dir='ltr' id='par_1_6' title="bbox 0 0 1554 5476">
     <span class='ocr_line' id='line_1_43' title="bbox 0 0 1554 5476; baseline 0 0"><span class='ocrx_word' id='word_1_330' title='bbox 0 0 1554 5476; x_wconf 95' lang='lat' dir='ltr'> </span> 
     </span>
    </p>
   </div>
  </div>
 </body>
</html>
