3098 5476
171 547 246 597 xx.
269 549 319 595 nn
341 545 854 596 uurrtnr1orm.-xx1.nu
881 545 1006 595 euers
1027 544 1306 619 sroulrroun.
1331 530 1372 594 31

169 729 245 770 cum
260 705 330 792 ipso
344 705 379 769 in
394 704 577 770 executione
595 704 795 769 sacerdotalis
811 703 906 769 officii
921 702 1118 790 dispensetis.
1164 702 1322 789 Alioquin
1339 725 1374 767 ea

170 811 299 896 penitus
327 809 492 874 interdicta
514 809 704 894 permittatis
727 809 862 874 eundem
885 809 919 872 in
941 808 1014 873 aliis
1036 807 1203 873 ordinibus
1229 807 1256 872 si
1283 806 1372 871 aliud

171 938 236 980 uon
253 914 360 980 obuiet
375 914 566 978 ministrare.

730 1192 814 1258 XX.

170 1384 230 1448 De
258 1402 306 1448 uo
336 1402 399 1460 om
430 1383 630 1449 Insubrum
660 1384 909 1450 Murmerrom
937 1384 1115 1449 Aurourus
1146 1382 1297 1448 (lesmor
1328 1400 1373 1445 ur

568 1508 643 1554 uon
669 1506 753 1554 rum
777 1508 817 1552 m
844 1489 977 1554 Cuurr.

217 1663 343 1729 Abbati
365 1703 505 1729 —.
552 1664 590 1730 B.
615 1664 787 1729 monachus
809 1664 891 1729 lator
914 1665 1109 1750 presentium
1137 1663 1229 1728 nobis
1256 1661 1372 1726 humili

169 1767 367 1834 confessione
389 1769 579 1834 monstrauit
595 1767 680 1855 quod
696 1768 773 1833 olim
789 1769 926 1854 captioni
942 1768 1104 1833 cuiusdam
1122 1767 1254 1833 latronis
1277 1767 1373 1830 iuter-

171 1872 236 1937 fuit
246 1882 277 1938 et
285 1872 362 1937 dum
375 1884 481 1938 exerto
493 1872 600 1959 gladio
612 1872 772 1960 quendam
783 1872 823 1937 de
834 1873 923 1938 sotiis
935 1872 1019 1937 idem
1029 1873 1111 1938 latro
1123 1872 1226 1937 ledere
1237 1872 1375 1956 intemp-

169 1987 255 2042 taret
269 1977 372 2043 dictus
387 1977 425 2043 Β.
443 1988 479 2043 ut
494 1988 624 2043 conatus
646 1978 713 2043 eius
736 1977 865 2042 elideret
882 1977 971 2042 claua
987 1978 1142 2064 percussit
1156 1976 1302 2058 eundem,
1319 1997 1375 2038 nec

170 2107 213 2148 ex
236 2083 435 2168 percussione
462 2082 645 2148 huiusmodi
673 2082 734 2147 fuit
756 2092 862 2147 secuta
885 2081 962 2148 lesio
984 2081 1123 2146 difficilis
1149 2091 1205 2146 aut
1227 2081 1374 2146 enormis.
1446 2128 1449 2134 -

170 2187 257 2253 Sane
287 2187 384 2252 iidem
408 2210 488 2274 quos
519 2187 606 2251 illius
632 2187 791 2252 temeritas
821 2196 1049 2272 prouocauerat
1074 2187 1115 2251 ad
1145 2185 1314 2250 ledendum
1341 2185 1375 2248 in

171 2314 290 2379 penam
311 2291 402 2377 culpe
425 2293 531 2377 ipsum
551 2291 672 2355 lumine
694 2291 1044 2377 priuaue1·unt,e0dem
1066 2290 1218 2356 monacho
1239 2291 1271 2353 iu
1294 2289 1377 2354 erui-

171 2398 292 2462 tionem
309 2396 472 2461 oeulorum
490 2396 589 2481 ipsius
613 2419 678 2461 non
694 2395 792 2460 dante
807 2419 899 2481 opem
915 2405 971 2461 aut
986 2419 1124 2482 operam,
1140 2395 1308 2460 consilium
1324 2393 1376 2458 uel

172 2501 325 2566 fauorem.
372 2500 473 2586 Super
488 2500 605 2587 quibus
627 2501 719 2586 petiit
741 2500 802 2564 sibi
824 2511 881 2566 ete.
930 2501 999 2565 Nos
1021 2509 1126 2565 autem
1150 2509 1205 2565 etc.
1221 2509 1377 2584 quatenus

172 2605 297 2692 prefato
312 2606 342 2669 B
367 2605 407 2669 de
428 2605 629 2691 percussione
643 2605 701 2669 tali
726 2605 869 2669 iniuncta
884 2605 1059 2690 penitentia
1073 2603 1262 2689 competenti
1282 2625 1377 2688 super

171 2710 245 2774 aliis
261 2710 288 2775 si
304 2711 459 2796 particeps
474 2733 538 2774 non
554 2711 594 2774 sit
610 2710 644 2772 in
659 2708 754 2794 culpa
769 2732 882 2794 expers
899 2719 1044 2774 seruetur
1059 2732 1077 2773 a
1093 2731 1183 2795 pena.

725 3055 828 3122 XXI.

400 3250 457 3314 De
480 3268 526 3314 uo
548 3268 611 3326 our
634 3250 806 3314 Pnucmrr
829 3250 960 3314 Furtum
984 3249 1147 3313 Srosnm.

220 3425 470 3512 Archiepiscopo
480 3425 638 3490 Remensi.
685 3423 770 3488 Cum
780 3425 864 3489 infra
875 3425 1060 3489 Remeusem
1073 3423 1230 3488 eeclesiam
1245 3422 1373 3509 quidam

173 3529 461 3617 deprehenderetur
476 3531 510 3593 in
528 3529 614 3595 furto
632 3539 663 3593 et
679 3529 892 3594 thesaurarius
916 3529 1089 3611 RemensiS‚
1106 3538 1202 3614 prout
1221 3528 1375 3613 scriptum

173 3635 357 3700 continebat
381 3634 531 3716 eiusdem,
560 3645 595 3698 ut
621 3657 639 3699 a
666 3633 823 3698 similibus
854 3642 971 3698 arceret
1001 3632 1179 3697 consimiles
1205 3633 1239 3695 in
1266 3631 1377 3718 depre-

176 3740 340 3805 hensionis
364 3740 548 3803 memoriam
575 3740 666 3804 iussit
688 3762 761 3803 eum
786 3739 894 3826 aliquo
921 3739 1011 3824 signo
1036 3738 1149 3803 notari.
1197 3737 1279 3803 Sane
1303 3760 1377 3802 con-

174 3845 317 3910 siderans
340 3843 426 3931 quod
454 3867 516 3909 non
545 3843 713 3908 uidebatur
739 3842 799 3908 hoc
825 3843 929 3907 clerici
956 3843 1043 3907 nisus
1070 3852 1117 3907 est
1143 3865 1297 3925 reuocare,
1323 3840 1377 3906 sed

175 3949 395 4014 ministrorum
426 3948 567 4013 celeritas
597 3948 806 4012 reuocatiouis
836 3948 1025 4032 anticipauit
1054 3947 1208 4029 effectum,
1236 3945 1378 4010 auricula

174 4055 244 4118 eius
269 4053 369 4139 partis
395 4053 584 4118 abscissione
610 4053 741 4137 signata.
798 4052 900 4138 Super
922 4075 985 4138 quo
1010 4052 1070 4115 sibi
1094 4052 1186 4137 petiit
1208 4051 1378 4137 apostolice

175 4158 259 4224 sedis
274 4157 475 4244 prouidentia
487 4157 659 4222 subueniri.
692 4157 760 4222 Nos
776 4166 881 4221 autem
894 4156 1062 4242 prudentie
1074 4165 1176 4220 uestre
1191 4156 1378 4221 auctoritate

174 4262 299 4329 domini
320 4285 402 4348 pape
423 4262 653 4327 committimus
675 4271 831 4347 quatenus
853 4261 1015 4346 inquisitis
1038 4272 1094 4326 etc.
1113 4283 1211 4345 usque
1234 4261 1376 4342 obsistat,

175 4391 242 4433 non
257 4368 408 4452 reputetis
423 4389 494 4430 eum
512 4376 641 4452 propter
657 4365 715 4430 hoc
730 4365 972 4451 irregularitatis
989 4364 1215 4450 impedimento
1231 4365 1341 4429 teneri.
