3098 5476
333 545 436 596 xxv.
460 546 511 593 ΒΕ
540 545 771 594 nourornro
800 547 996 595 oasuanr.
1221 534 1262 598 41

56 703 116 790 qui
138 713 264 769 seruato
279 702 494 769 moderamine
516 703 677 790 inculpate
694 704 794 769 tutele
813 704 853 769 ad
876 703 1067 771 defensionis
1088 705 1264 771 remedium

55 831 174 872 manus
196 808 440 894 repercussionis
462 817 638 895 opponunt,
655 807 834 894 predictum
857 808 1048 874 monachum
1063 810 1193 895 potestis
1217 833 1265 875 re-

55 913 163 998 cipere
178 912 297 998 absque
312 913 559 998 transgressione
574 914 618 977 sie
632 913 757 998 prestiti
772 913 951 980 iuramenti.
971 983 974 988 ,

507 1140 555 1185 ΒΕ
578 1140 711 1186 ΕΒΒΕΜ.
737 1120 817 1208 (15).

104 1296 228 1362 Abbati
251 1337 393 1362 —.
452 1296 507 1361 Ex
536 1305 644 1362 tenore
673 1296 852 1361 litterarum
883 1307 1060 1362 uestrarum
1088 1299 1266 1385 accepimus

55 1401 148 1488 quod
175 1424 247 1466 cum
271 1441 403 1451 --
428 1401 510 1466 lator
533 1400 728 1486 presentium
752 1400 829 1466 olim
852 1412 958 1466 amota
980 1401 1117 1488 quadam
1142 1404 1264 1489 pertica

55 1528 122 1592 que
143 1505 353 1592 ingredientes
368 1514 399 1570 et
414 1504 607 1591 egredientes
629 1504 788 1570 ecclesiam
806 1504 984 1571 offendebat
998 1529 1067 1571 eam
1082 1508 1143 1572 sub
1158 1509 1266 1574 uicino

54 1619 142 1676 tecto
165 1619 300 1675 erectam
322 1610 414 1674 iuxta
435 1608 595 1696 quendam
617 1609 769 1695 parietem
784 1609 959 1690 collocaret,
977 1610 1058 1697 lapis
1080 1611 1121 1676 ad
1143 1622 1263 1678 tactum

55 1715 178 1802 pertice
200 1714 343 1800 dilapsus
365 1714 397 1778 iu
414 1712 518 1799 capud
540 1713 682 1778 canonici
706 1714 819 1778 stantis
841 1737 860 1778 a
883 1724 967 1780 retro
990 1737 1084 1801 quem
1109 1716 1176 1802 ipse
1198 1741 1263 1783 non

55 1817 190 1884 uidebat
215 1818 326 1884 intulit
349 1840 476 1883 causam
502 1817 622 1883 mortis.
670 1816 773 1903 Super
798 1841 861 1905 quo
886 1827 943 1884 etc.
989 1819 1058 1885 Nos
1081 1820 1180 1906 igitur
1204 1831 1262 1886 etc.

55 1947 161 2010 usque
183 1932 339 2009 quatenus
362 1923 388 1988 si
411 1922 515 1986 dictus
536 1961 668 1971 --
690 1921 787 1988 dabat
808 1933 882 1987 tunc
904 1946 1031 2008 operam
1055 1923 1139 1989 licite
1161 1926 1207 1990 rei
1229 1949 1267 1990 ac

55 2029 92 2091 in
111 2028 273 2114 premissis
294 2027 441 2092 adhibuit
456 2026 611 2091 cautelam
627 2049 723 2113 quam
743 2026 855 2092 debuit
873 2027 1021 2093 scandalo
1037 2052 1102 2093 non
1120 2029 1265 2095 obstante

56 2155 126 2198 non
142 2131 293 2218 reputetis
308 2130 485 2218 predictum
498 2171 629 2181 --
644 2130 687 2196 ob
701 2154 808 2195 casum
824 2131 1008 2197 huiusmodi
1022 2133 1267 2219 irregularitatis

55 2236 289 2322 impedimento
304 2235 413 2301 teneri.
460 2234 618 2322 Alioquin
632 2235 692 2300 sub
708 2236 890 2301 executione
906 2237 1066 2302 minorum
1081 2248 1138 2304 etc.

508 2463 556 2507 ΒΕ
580 2462 712 2509 ΕΒΒΕΜ.
738 2443 816 2531 (16).

105 2619 266 2706 Episcopo
287 2658 420 2668 --
442 2618 581 2684 diocesis.
629 2620 667 2685 T.
684 2618 790 2685 acoliti
814 2622 1009 2705 presentium
1033 2623 1196 2707 portitoris
1220 2647 1267 2689 re·

56 2724 138 2790 latio
154 2722 335 2788 continebat
351 2721 437 2808 quod
460 2723 526 2808 ipse
541 2723 619 2788 'olim
634 2724 748 2789 amotis
771 2723 961 2810 quibusdam
979 2727 1086 2811 pueris
1108 2727 1266 2794 turbanti-

57 2829 122 2894 bus
137 2827 277 2893 officium
288 2827 329 2892 ab
345 2827 426 2892 ostio
442 2826 568 2892 ecclesie
582 2827 621 2892 de
638 2827 786 2894 mandato
798 2829 915 2915 prioris
930 2829 1101 2915 quemdam
1117 2832 1266 2897 baculum

58 2955 158 3019 quem
187 2931 227 2996 de
256 2954 354 2996 manu
385 2932 476 3018 pueri
506 2930 633 2997 rebellis
662 2943 822 3018 acceperat
848 2956 958 2999 uersus
989 2944 1094 3000 ortum
1124 2937 1266 3001 uicinum

57 3037 201 3124 proiecit,
229 3058 324 3122 quem
349 3035 427 3100 dum
455 3034 586 3122 quidam
612 3060 721 3102 eorum
748 3060 939 3123 consurgens
968 3061 1008 3103 ex
1034 3039 1131 3104 latere
1156 3051 1267 3107 contra

58 3164 157 3227 quem
179 3140 245 3226 ipse
268 3139 415 3204 baculum
439 3162 504 3204 nou
527 3139 686 3206 direxerat
707 3164 805 3206 manu
828 3165 938 3228 capere
960 3152 1131 3230 antequam
1147 3154 1265 3210 terram

57 3246 205 3331 attigeret
220 3245 383 3328 niteretur,
398 3245 438 3309 ab
454 3267 490 3310 eo
505 3245 589 3310 lesus
612 3245 646 3309 in
661 3247 761 3331 capite
782 3255 853 3331 post
867 3246 934 3311 dies
956 3247 1079 3334 aliquot
1094 3250 1263 3335 expirauit.

58 3349 163 3435 Super
177 3371 241 3435 quo
257 3371 296 3413 ne
311 3349 383 3434 quis
406 3349 530 3414 emulus
545 3358 603 3415 etc.
651 3348 736 3426 Quia
751 3373 825 3415 uero
841 3350 881 3415 de
897 3350 979 3416 facto
994 3361 1026 3417 et
1041 3352 1115 3417 facti
1130 3355 1266 3418 circum·

58 3454 187 3520 stantiis
216 3462 272 3518 etc.
300 3468 399 3540 usque
428 3446 456 3517 si
486 3462 532 3518 est
558 3454 603 3518 ita
629 3477 694 3519 non
721 3455 872 3540 reputetis
901 3455 1007 3540 ipsum
1033 3479 1073 3520 ex
1103 3458 1266 3543 premissis

57 3557 304 3644 irregularitatis
327 3556 555 3644 impedimento
576 3559 685 3625 teneri.

508 3786 556 3831 ΒΕ
579 3786 711 3833 ΕΒΒΕΜ.
737 3767 818 3855 (17).

104 3943 239 4008 Roberti
262 3941 388 4008 diaconi
413 3951 514 4007 uestre
538 3941 669 4007 diocesis
699 3944 891 4029 presentium
917 3945 1080 4030 portitoris
1110 3947 1266 4015 confessio

59 4044 273 4138 [continebat]
301 4045 387 4132 quod
413 4069 485 4111 cum
512 4047 579 4132 ipse
608 4047 687 4112 olim
713 4047 752 4111 de
778 4047 873 4114 domo
899 4049 1062 4115 cuiusdam
1089 4051 1182 4116 amici
1214 4053 1264 4118 sui

58 4151 179 4218 rediret
192 4150 232 4216 ad
255 4151 394 4237 propria,
411 4151 580 4216 seruientes
602 4151 766 4216 cuiusdam
792 4153 902 4217 militis
925 4177 1004 4239 quos
1027 4177 1099 4219 suos
1118 4155 1264 4222 credebat

58 4257 178 4323 amicos
202 4256 308 4342 ipsum
332 4255 517 4320 inuadentes
544 4257 577 4319 in
606 4257 658 4320 uia
682 4257 810 4341 publica
836 4256 971 4322 eundem
996 4282 1068 4323 eum
1092 4259 1209 4345 gladiis
1233 4272 1265 4327 et

59 4361 200 4427 fustibus
215 4369 437 4447 percusserunt
451 4382 487 4424 ac
507 4383 612 4425 secum
628 4360 740 4426 ducere
756 4363 948 4445 nitebantur,
965 4363 1020 4448 qui
1043 4363 1206 4428 cultellum
1222 4365 1264 4431 ad

58 4467 110 4533 sui
133 4465 348 4531 defensionem
370 4463 411 4528 ad
434 4466 669 4550 insequentium
692 4467 838 4532 timorem
861 4468 992 4549 exeruit,
1010 4490 1073 4533 non
1097 4469 1265 4536 intendens

59 4570 178 4636 inferre
200 4568 254 4634 sed
274 4568 432 4633 duntaxat
447 4569 597 4655 repellere
612 4570 790 4654 inferentes,
808 4571 925 4636 utendo
940 4573 1184 4638 comminatione
1200 4598 1263 4641 uon

58 4677 136 4742 ictu.
181 4674 308 4742 Verum
333 4696 416 4738 unus
438 4673 567 4739 illorum
590 4674 668 4738 dum
691 4675 731 4739 ad
756 4675 923 4741 ledendum
947 4676 1054 4762 ipsum
1076 4699 1169 4741 cursu
1193 4702 1265 4764 pre-

654 4778 670 4826 4
