3098 5476
168 461 226 526 xiv
598 475 936 527 1nraonucr10N.

169 636 231 698 late
245 636 270 697 is
283 635 451 697 instructed
464 644 495 697 to
509 635 686 696 administer
700 638 716 665 “
726 635 921 715 competent’'
937 655 1082 714 penance,
1096 634 1152 696 but
1166 634 1209 716 by
1224 634 1288 697 this
1301 637 1376 699 time

169 732 223 794 the
237 733 414 813 penitential
428 741 539 812 system
553 753 613 793 was
627 731 777 811 breaking
791 732 879 794 down
893 733 956 794 and
977 733 1030 793 the
1047 732 1201 793 moderate
1215 733 1293 796 fasts
1314 735 1376 795 and

168 933 298 986 distance:
317 934 352 985 he
369 933 471 985 obtains
488 932 637 984 absolution
655 931 707 984 and
724 949 740 983 a
756 932 936 998 dispensation
948 940 976 985 to
993 931 1096 985 remain
1114 932 1144 984 in
1161 933 1206 986 his
1223 951 1285 987 new
1294 935 1375 988 home

170 1017 223 1070 and
234 1017 350 1069 exercise
362 1017 405 1069 his
416 1017 527 1084 priestly
539 1017 680 1068 fonctions.
1389 1085 1393 1094 Ι

203 1103 227 1153 Α
240 1100 360 1152 fifteenth
373 1108 483 1166 century
494 1101 609 1151 formula
620 1101 662 1152 for
673 1102 737 1154 such
749 1120 820 1154 cases
837 1102 902 1155 kills
913 1104 960 1155 the
971 1102 1055 1155 fatted
1066 1102 1121 1154 ealf
1135 1103 1177 1154 for
1189 1103 1237 1155 the
1249 1103 1373 1170 prodigal

169 1202 216 1237 son
227 1185 256 1236 in
268 1201 284 1235 a
296 1201 405 1235 manner
416 1183 505 1235 which
522 1200 584 1249 goes
600 1184 641 1235 far
653 1192 679 1235 to
692 1185 801 1252 explain
815 1186 861 1238 the
878 1187 1034 1253 deplorable
1052 1186 1179 1238 monastic
1190 1186 1336 1254 discipline
1347 1188 1376 1238 of

169 1269 216 1320 the
228 1267 468 1334 pre-Reformation
481 1266 581 1333 period.
616 1267 725 1334 Despite
737 1268 771 1320 its
782 1269 875 1336 length
884 1270 935 1321 itis
948 1278 992 1321 too
1004 1269 1200 1322 characteristic
1209 1271 1240 1321 of
1248 1270 1298 1322 the
1310 1270 1373 1322 time

170 1359 197 1403 to
209 1351 241 1403 be
253 1351 397 1403 omitted-

205 1433 431 1487 “Venerabilibus
447 1442 473 1485 et
490 1433 620 1499 religiosis
638 1435 704 1486 viris
720 1435 836 1487 dominis
853 1437 941 1488 abbati
959 1444 985 1489 et
1002 1436 1145 1488 conventui
1163 1438 1321 1489 monasterii
1337 1437 1371 1490 N.

169 1519 271 1570 ordinis
282 1519 308 1569 N
311 1556 317 1566 .
330 1518 441 1570 diocesis
457 1517 492 1568 N.
505 1518 678 1585 omnibusque
695 1519 756 1570 aliis
767 1528 794 1571 et
805 1520 917 1586 singulis
929 1529 977 1573 etc.
1012 1520 1116 1572 Idcirco
1129 1521 1288 1574 auctoritate
1300 1540 1373 1590 apos·

169 1603 250 1654 tolica
260 1602 335 1654 nobis
351 1602 489 1654 commissa
500 1610 526 1652 et
537 1618 590 1668 qua
601 1602 738 1669 fungimur
750 1603 778 1654 in
792 1603 841 1655 hac
859 1613 934 1670 parte
947 1621 994 1656 vos
1006 1604 1128 1656 dominos
1139 1604 1262 1657 abbatem
1275 1614 1303 1658 et
1313 1624 1372 1659 con-

170 1694 278 1738 ventum
290 1702 431 1751 omnesque
449 1685 515 1736 alios
526 1693 573 1737 etc.
587 1696 716 1752 quatenus
734 1687 804 1738 infra
821 1705 867 1739 sex
885 1687 990 1739 dierum
1002 1688 1117 1754 spatium
1128 1695 1188 1754 post
1199 1691 1372 1755 presentatio·

169 1788 230 1823 nem
248 1779 274 1821 et
285 1769 492 1821 notificationem
510 1769 689 1835 predictarum
707 1770 858 1821 litterarum
876 1771 1081 1837 apostolicarum
1098 1779 1125 1823 et
1141 1772 1272 1838 presentis
1290 1775 1371 1826 nostri

169 1871 303 1921 processus
320 1870 350 1904 ac
361 1852 561 1918 requisitionem
573 1852 648 1904 vobis
665 1870 713 1918 per
725 1854 857 1919 prefatum
869 1854 903 1904 N.
916 1855 1015 1906 factum
1034 1854 1187 1906 immediate
1204 1858 1370 1922 sequentium

169 1954 282 2004 quorum
300 1953 346 1988 sex
365 1936 469 1987 dierum
487 1944 534 1987 etc.
547 1935 708 2001 assignamus
726 1938 857 2002 prefatum
870 1937 903 1988 N.
917 1938 974 1989 Deo
993 1945 1020 1989 et
1031 1938 1125 1989 ordine
1144 1955 1191 1990 suo
1203 1941 1370 1992 reconciliari

169 2021 293 2085 volentes,
306 2020 353 2086 qui
368 2019 460 2071 habitu
473 2019 588 2085 regulari
600 2018 708 2071 dimisso
720 2020 821 2072 diutius
839 2020 945 2072 incessit
957 2038 1006 2088 per
1017 2021 1141 2086 seculum,
1154 2031 1241 2074 vestes
1253 2023 1371 2077 deferens

169 2104 282 2168 laicales,
295 2121 348 2155 non
366 2112 454 2155 tamen
472 2103 562 2154 animo
579 2103 752 2169 apostatandi,
766 2103 901 2170 recipiatis
913 2112 1082 2170 vestrumque
1093 2104 1208 2171 quilibet
1218 2107 1333 2174 recipiat
1344 2109 1370 2160 in

170 2187 329 2239 monachum
340 2195 419 2253 atque
431 2188 539 2238 fratrem
551 2194 577 2238 et
589 2187 691 2238 sincera
702 2187 730 2236 in
742 2186 850 2237 domino
863 2188 972 2239 caritate
984 2188 1083 2239 ibidem
1095 2189 1212 2241 tractetis
1224 2199 1251 2242 et
1259 2192 1372 2258 quilibet

169 2280 286 2323 vestrum
304 2278 404 2323 tractet.
439 2270 546 2336 Vosque
565 2270 672 2321 domine
691 2269 769 2321 abbas
787 2271 875 2337 ipsum
894 2272 1003 2322 fratrem
1022 2272 1056 2322 N.
1076 2272 1237 2325 monachum
1255 2283 1372 2328 vestrum

169 2355 337 2422 quamprimo
350 2355 378 2405 in
391 2354 549 2405 monasterio
562 2361 648 2404 vestro
661 2360 780 2419 receptus
798 2355 879 2406 fuerit
891 2355 1045 2408 immediate
1062 2372 1110 2422 per
1122 2372 1169 2408 vos
1180 2357 1225 2409 vel
1243 2358 1329 2410 alium
1341 2360 1372 2412 ab

168 2437 449 2491 excommunicationis
467 2437 597 2488 sententia
609 2436 631 2487 si
649 2453 729 2502 quam
741 2437 854 2488 incurrit
866 2438 988 2489 habitum
1007 2455 1084 2490 suum
1103 2439 1253 2506 regularem
1273 2450 1304 2494 ut
1315 2460 1373 2510 pre-

170 2523 286 2573 mittitur
297 2520 455 2572 dimittendo
473 2520 501 2570 in
513 2520 571 2571 foro
588 2520 747 2571 conscientie
764 2520 906 2571 absolvatis
923 2529 950 2572 et
962 2539 1040 2588 super
1052 2523 1201 2575 excessibus
1218 2533 1244 2576 et
1257 2527 1373 2578 reatibus

169 2606 368 2672 quibuscunque
385 2621 432 2670 per
443 2620 509 2670 quos
526 2604 582 2669 ipse
600 2611 661 2655 ante
673 2603 717 2655 vel
729 2612 788 2669 post
800 2604 907 2656 habitus
924 2604 964 2656 sui
982 2605 1164 2658 dimissionem
1176 2607 1206 2658 in
1218 2609 1314 2662 ordine
1326 2627 1372 2662 suo

169 2689 213 2741 vel
225 2697 302 2741 extra
313 2696 340 2739 et
350 2688 468 2754 perjurio
480 2688 561 2739 etiam
573 2687 617 2739 vel
628 2687 682 2738 alia
694 2704 771 2739 causa
783 2687 1006 2759 irregularitatem
1019 2689 1132 2741 incurrit
1143 2689 1302 2756 dispensetis
1313 2711 1372 2746 cum

169 2773 268 2836 eodem,
287 2772 411 2838 imposita
429 2780 517 2823 tamen
536 2771 585 2822 sibi
605 2788 653 2837 pro
672 2771 750 2822 modo
769 2772 847 2837 culpe
865 2772 1013 2837 penitentia
1031 2773 1148 2824 salutari¹
1185 2774 1291 2828 Verum
1309 2778 1373 2845 quia

168 2856 267 2907 nimius
284 2855 357 2921 rigor
368 2855 411 2906 vel
423 2855 525 2921 penalis
542 2855 668 2920 asperitas
686 2855 719 2906 ob
737 2854 910 2920 fragilitatem
927 2856 1014 2907 carnis
1032 2856 1148 2908 humane
1165 2856 1301 2912 interdum
1318 2879 1372 2913 non

169 2937 273 2991 edificat
284 2939 328 2990 sed
340 2938 486 3004 corrumpit
497 2955 591 3004 penam
604 2938 647 2989 vel
659 2937 833 3003 penitentiam
845 2954 879 2989 ex
891 2938 956 2990 dieti
969 2939 1070 2990 ordinis
1087 2940 1191 2993 statutis
1203 2943 1246 2994 vel
1259 2945 1372 3010 predicti

169 3022 321 3074 monasterii
338 3021 525 3073 consuetudine
543 3021 593 3072 sibi
611 3021 639 3071 in
652 3021 702 3072 hec
720 3028 794 3086 parte
806 3020 997 3087 imponendum
1009 3022 1079 3074 circa
1089 3024 1203 3075 eundem
1214 3025 1326 3078 fratrem
1338 3029 1372 3081 N.

168 3106 215 3172 qui
232 3113 324 3172 sponte
336 3105 369 3156 ad
380 3122 454 3156 suam
466 3105 622 3171 religionem
634 3104 777 3155 revertitur
789 3105 944 3156 auctoritate
962 3106 1106 3171 apostolica
1117 3107 1220 3172 prefata
1231 3109 1308 3163 vobis
1325 3112 1373 3163 sub

168 3190 243 3257 penis
260 3189 435 3255 infrascriptis
452 3188 612 3254 precipimus
623 3195 650 3239 et
662 3187 817 3238 mandamus
831 3195 960 3253 quatenus
972 3189 1061 3240 taliter
1073 3190 1153 3241 etiam
1166 3191 1374 3247 misericorditer

169 3273 309 3325 moderetis
321 3272 391 3339 quod
409 3273 465 3338 ipse
476 3273 557 3323 frater
569 3272 603 3322 N.
616 3279 662 3322 aut
673 3270 721 3322 alii
739 3271 888 3322 consimiles
906 3272 962 3338 ejus
974 3273 1096 3339 exemplo
1109 3291 1243 3326 asnorum
1255 3294 1374 3346 resump-

169 3357 241 3409 tione
253 3357 389 3422 religionis
400 3364 427 3407 et
438 3355 543 3406 habitus
555 3355 665 3406 minime
677 3354 854 3405 retrahantur.
890 3355 1019 3406 Inhibens
1030 3357 1111 3407 etiam
1123 3365 1153 3408 ut
1164 3366 1305 3426 postquam
1317 3363 1374 3429 ipse

169 3442 203 3493 N.
216 3441 326 3492 indicto
339 3440 497 3491 monasterio
515 3439 552 3490 sic
564 3447 683 3504 receptus
700 3438 782 3489 fuerit
794 3447 820 3489 et
833 3456 903 3504 pena
915 3457 959 3490 seu
972 3440 1120 3505 penitentia
1131 3442 1270 3507 religionis
1281 3445 1374 3512 hujus-

168 3525 241 3576 modi
253 3525 322 3576 circa
334 3525 421 3589 ipsum
432 3523 513 3573 fuerit
525 3530 676 3588 temperata,
686 3537 782 3587 penam
794 3521 879 3587 ipsam
888 3523 930 3573 vel
943 3523 1117 3588 penitentiam
1129 3525 1215 3576 eidem
1227 3543 1374 3594 aggravare

168 3608 386 3674 qualitercunque
398 3606 507 3657 minime
519 3605 676 3672 presumatis
693 3622 737 3655 seu
750 3621 799 3670 per
811 3606 896 3656 alium
911 3607 953 3657 rel
971 3606 1037 3657 alios
1052 3608 1211 3672 permittatis
1222 3613 1372 3677 aggravari.

169 3692 344 3743 Decernentes
360 3690 382 3741 si
394 3707 466 3741 secus
477 3689 591 3741 feceritis
603 3689 714 3741 eundem
728 3687 763 3740 N.
777 3689 810 3740 ad
823 3707 915 3740 earum
928 3689 1139 3742 observationem
1151 3691 1307 3758 aliqualiter
1319 3713 1372 3748 non

169 3775 253 3827 teneri
265 3773 309 3825 sed
322 3774 417 3825 eumin
429 3773 501 3839 pacis
513 3773 706 3839 tranquillitate
718 3784 744 3826 et
751 3773 847 3839 spiritu
859 3773 1031 3839 benignitatis
1044 3774 1129 3825 modis
1140 3775 1264 3828 omnibus
1276 3779 1373 3844 quibus

169 3858 290 3925 poteritis
306 3857 418 3908 foveatis
435 3864 461 3908 et
472 3856 629 3922 supradictis
646 3858 743 3908 nostris
760 3874 822 3923 ymo
836 3857 925 3908 verius
942 3857 1094 3923 apostolicis
1105 3858 1237 3911 mandatis
1248 3868 1276 3913 et
1287 3863 1373 3914 moni·

169 3942 286 3993 tionibus
304 3941 443 3992 efficaciter
460 3940 575 4006 pareatis
593 3940 675 3992 itaet
693 3941 783 3992 taliter
800 3939 872 4006 quod
890 3958 943 3991 non
961 3941 1067 4006 possitis
1084 3941 1117 3992 de
1134 3941 1317 3997 inobedientia
1330 3946 1372 3998 rel

169 4024 332 4090 negligentia
349 4024 377 4074 in
395 4024 484 4089 aliquo
497 4023 664 4089 reprehendi.
699 4024 778 4087 Quod
795 4024 818 4075 si
836 4025 904 4075 forte
916 4025 1043 4090 premissa
1055 4024 1145 4076 omnia
1157 4034 1183 4077 et
1195 4027 1302 4093 singula
1318 4048 1372 4081 non

170 4107 379 4174 adimpleveritis
396 4116 441 4159 aut
453 4107 556 4173 aliquid
573 4107 601 4157 in
613 4108 774 4158 contrarium
791 4108 907 4159 feceritis
924 4125 969 4159 seu
987 4107 1100 4159 eundem
1112 4110 1222 4161 fratrem
1234 4111 1269 4162 N.
1281 4129 1373 4166 mona·

169 4193 248 4244 chum
261 4201 377 4242 vestrum
389 4191 417 4242 in
429 4191 499 4242 dicto
517 4191 675 4242 monasterio
688 4200 776 4242 vestro
794 4191 911 4256 recipere
923 4191 1117 4257 denegaveritis
1135 4201 1181 4244 aut
1192 4210 1253 4245 eum
1265 4212 1372 4262 suspen·

169 4276 254 4328 dendo
267 4274 447 4327 interdicendo
459 4275 501 4326 vel
519 4274 778 4338 excommunicando,
792 4292 836 4326 seu
850 4275 1027 4339 interdictum,
1040 4291 1194 4341 suspensum
1206 4279 1249 4329 vel
1267 4296 1373 4332 excom·

169 4360 332 4411 manicatum
355 4358 537 4410 denunciando
561 4375 606 4408 seu
634 4359 789 4424 reputando,
811 4359 984 4424 prohibendo,
1009 4359 1135 4410 carcerali
1164 4362 1282 4415 custodie
1311 4380 1372 4416 eum

169 4442 351 4509 mancipando,
370 4442 491 4493 habitum
509 4443 657 4508 regularem
674 4459 718 4493 seu
737 4442 864 4494 alimenta
882 4443 967 4494 eidem
985 4443 1171 4508 subtrahendo,
1184 4444 1272 4511 ipsum
1289 4447 1373 4500 claus-

168 4534 210 4579 tro
222 4527 265 4578 vel
283 4526 447 4577 habitatione
465 4526 599 4578 claustrali
617 4525 782 4592 exponendo,
797 4526 878 4577 verba
895 4527 1069 4592 opprobriosa
1080 4526 1113 4578 de
1130 4528 1199 4579 facto
1212 4529 1294 4581 etiam
1306 4531 1373 4583 infe-

167 4610 249 4662 rendo
266 4627 311 4662 seu
329 4610 394 4661 alias
411 4619 501 4661 contra
514 4609 599 4675 ipsum
611 4609 796 4676 quoquomodo
809 4610 1030 4675 attemptaveritis
1048 4618 1157 4676 propter
1168 4612 1240 4677 quod
1256 4613 1313 4679 ipse
1326 4615 1372 4669 vel
