3098 5476
143 558 252 621 xcv,
282 557 398 608 xcv1.
426 559 476 605 nn
505 558 800 607 Ansonurroxx
828 560 883 607 an
910 560 1154 608 cruuntur.
1203 545 1268 609 105

611 910 725 978 XCV.

244 1100 366 1167 Suana
389 1101 519 1166 Eonnu
543 1119 612 1166 xxo
635 1101 834 1166 Mlorsrnrs
858 1103 1091 1167 Aasnurmus.

112 1276 273 1363 Episcopo
287 1315 428 1342 —.
480 1277 546 1341 Pro
562 1278 714 1362 magistro
728 1314 859 1325 —
874 1278 935 1342 fuit
950 1279 1149 1363 propositum
1163 1301 1268 1343 coram

74 1381 161 1447 nobis
175 1380 261 1467 quod
283 1381 317 1444 in
333 1379 550 1446 excedentium
567 1381 756 1446 correctione
771 1381 955 1446 clericorum
972 1382 1139 1447 scolarium
1157 1383 1270 1447 metuit

73 1509 108 1551 ne
129 1484 332 1551 moderamen
356 1484 517 1549 interdum
540 1485 739 1550 correctionis
762 1486 937 1569 excesserit,
954 1509 990 1551 eo
1013 1485 1098 1572 quod
1122 1509 1268 1551 nonnun-

72 1612 164 1677 quam
179 1590 213 1653 in
229 1588 346 1653 talibus
368 1588 447 1653 dum
469 1588 636 1674 discipline
658 1588 743 1654 zelus
766 1589 943 1654 intenditur
958 1599 1041 1654 meta
1063 1592 1270 1676 temperantis

72 1717 131 1760 non
147 1702 302 1759 seruatur.
341 1692 439 1759 Unde
454 1715 493 1758 ne
509 1693 730 1758 conscientiam
744 1693 953 1759 dubitationis
968 1695 1133 1781 scrupulus
1148 1705 1269 1781 urgeat,

72 1800 102 1862 in
124 1798 185 1864 hoc
207 1796 306 1863 dubio
328 1820 385 1882 per
407 1796 616 1862 absolutionis
639 1796 825 1862 beneficium
848 1797 889 1863 ad
915 1798 1071 1863 cautelam
1094 1798 1154 1864 sibi
1178 1799 1271 1885 petiit

72 1901 240 1988 prouideri.
286 1899 357 1966 Nos
382 1911 487 1966 autem
514 1910 571 1967 etc.
599 1910 755 1988 quatenus
782 1925 821 1966 ne
848 1903 880 1966 in
906 1903 965 1968 hoc
991 1903 1114 1988 prefato
1138 1941 1271 1954 ——-·

72 2006 148 2071 desit
177 2005 298 2071 cautele
328 2006 513 2089 remedium,
543 2006 713 2092 prudentia
742 2016 848 2071 uestra
877 2007 1085 2073 absolutionis
1118 2008 1270 2072 beneficio

73 2110 224 2176 desiderio
262 2110 433 2175 satisfaciat
470 2110 624 2195 petitoris,
662 2119 693 2175 et
730 2111 930 2197 iniungentes
967 2110 1067 2176 eidem
1108 2121 1143 2176 ut
1181 2113 1273 2176 iuxta

73 2214 270 2280 correctionis
292 2237 452 2280 excessum
477 2214 648 2280 satisfaciat
671 2224 891 2301 competenter.

605 2561 740 2627 XCVI.

346 2751 468 2816 Surae
492 2752 621 2816 Eonnru
644 2772 714 2816 pao
738 2753 995 2818 Paxsnurrsns.

115 2929 198 2994 Cum
215 2927 262 2992 H.
278 2937 308 2992 et
323 2927 354 2994 J.
371 2927 512 2992 canonici
527 2928 739 3013 passauienses
762 2937 792 2992 et
807 2966 938 2976 —
953 2938 983 2993 et
998 2968 1129 2978 —
1144 2928 1272 3014 plebani
1345 2936 1347 2940 ’

75 3032 282 3119 passauiensis
311 3031 443 3097 diocesis
472 3042 580 3097 contra
610 3054 720 3096 eorum
750 3033 930 3118 episcopum
957 3055 1052 3119 super
1081 3033 1273 3119 quibusdam

74 3136 259 3201 criminibus
281 3136 518 3222 inquisitionem
534 3136 601 3200 fieri
617 3136 822 3221 postularent,
838 3173 970 3184 —
988 3139 1157 3202 canonicus
1179 3160 1273 3223 regu-

74 3241 146 3307 laris
161 3241 229 3306 eius
244 3240 380 3326 episcopi
392 3248 577 3325 procurator
588 3240 742 3326 quasdam
748 3240 876 3305 nomine
890 3241 990 3326 ipsius
1001 3241 1138 3327 episcopi
1153 3241 1272 3306 confec-

73 3359 119 3411 tas
133 3344 272 3411 ostendit
286 3345 408 3409 litteras
422 3345 617 3409 continentes
633 3344 717 3431 quod
734 3345 875 3431 prefatus
898 3346 1061 3431 episcopus
1084 3346 1272 3410 nominatim

74 3450 106 3514 in
120 3451 207 3536 ipsos
226 3458 258 3514 et
272 3448 426 3535 quosdam
442 3471 550 3514 eorum
569 3449 705 3514 fautores
721 3458 850 3535 propter
865 3448 1112 3514 inobedientiam
1127 3459 1157 3513 et
1172 3449 1273 3514 rebel-

74 3553 189 3619 lionem
212 3563 243 3618 et
261 3553 341 3618 alios
363 3575 472 3618 eorum
495 3576 637 3618 enormes
660 3577 803 3618 excessus
826 3554 858 3616 in
875 3553 991 3618 litteris
1012 3552 1131 3618 eisdem
1154 3575 1273 3639 nequa-

74 3681 167 3744 quam
182 3680 223 3722 ex
238 3657 398 3743 premissis
415 3655 586 3744 [expressis
594 3656 624 3745 i]
643 3657 978 3722 excommunicationis
993 3657 1182 3722 sententiam
1197 3681 1272 3743 pro·

75 3762 240 3849 mulgauit.
286 3760 437 3826 Ostendit
451 3785 578 3847 quoque
600 3761 721 3826 litteras
744 3762 985 3847 Ratisponensis
1007 3762 1143 3847 episcopi
1160 3763 1274 3827 eteius

73 3865 246 3932 ooniudicis
276 3866 333 3952 qui
354 3866 540 3931 auctoritate
561 3866 732 3951 apostolica
755 3866 943 3931 sententiam
958 3866 1186 3930 confirmarant
1201 3889 1273 3931 ean·

73 3969 164 4052 dem3
185 3979 218 4035 et
232 3970 306 4034 licet
321 3969 461 4055 predicta
476 3970 630 4035 sententia
654 3970 815 4035 uideretur
829 3970 960 4035 domino
976 3992 1057 4055 pape
1072 3979 1103 4034 et
1119 3970 1273 4036 fratribus

73 4097 137 4142 esse
160 4074 260 4157 nulla,
277 4074 346 4144 Nos
360 4083 466 4138 tamen
482 4073 521 4138 de
539 4075 666 4160 speciali
681 4074 804 4140 domini
820 4098 900 4160 pape
918 4073 1068 4139 mandato
1084 4073 1175 4139 nobis
1191 4075 1273 4140 facto

73 4201 127 4266 per
138 4177 348 4244 uenerabilem
359 4187 481 4264 patrem
491 4177 658 4250 dominum
668 4179 706 4246 P.
718 4178 919 4244 albanensem
928 4179 1109 4264 episcopum
1118 4177 1273 4244 adomino

73 4306 156 4370 papa
175 4304 359 4348 concessum
380 4282 524 4367 partibus
546 4282 733 4365 auditorem,
750 4292 873 4368 recepta
894 4283 1046 4348 iuratoria
1066 4283 1210 4347 cautione
1231 4283 1273 4347 ab

73 4388 150 4475 ipsis
172 4396 209 4452 ut
230 4386 256 4452 si
279 4387 455 4452 constiterit
470 4386 556 4472 quod
579 4388 639 4451 rite
660 4387 744 4452 dicta
767 4389 921 4452 sententia
944 4387 1007 4451 lata
1030 4386 1126 4450 fuerit
1148 4387 1274 4451 satisfa-

73 4493 157 4558 ciant
178 4513 273 4578 super
296 4490 358 4555 hiis
383 4489 485 4555 eidem
510 4490 656 4577 episcopo
678 4514 737 4577 pro
759 4492 876 4578 quibus
898 4492 1005 4556 extitit
1026 4489 1272 4576 promulgatam,

74 4595 229 4682 predictos
262 4595 303 4660 ab
332 4595 656 4660 excommunicatione
688 4596 829 4681 predicta
858 4607 889 4661 et
918 4595 989 4660 aliis
1019 4594 1272 4660 excommunica-

73 4700 213 4767 tionibus
242 4699 284 4764 ab
313 4699 420 4764 eodem
452 4699 597 4786 episcopo
627 4701 837 4786 promulgatis
862 4701 952 4764 iuxta
984 4700 1119 4765 formam
1146 4698 1272 4763 ecclesie

666 4804 681 4853 8
