3098 5476
666 559 869 622 xo.—x'o1.
1305 557 1370 621 101

169 733 304 818 recipere
334 731 545 819 penitentiam
575 730 746 797 recusabat.
815 731 942 799 Verum
973 753 1045 795 cum
1077 731 1177 817 ipsius
1206 730 1372 818 presbiteri

171 837 319 902 confessio
334 835 492 902 contraria
507 835 621 900 uestris
644 835 758 900 litteris
778 833 925 899 uideatur
939 857 977 919 eo
991 833 1076 921 quod
1099 835 1177 900 dicit
1192 857 1224 900 se
1242 835 1373 900 illorum

171 941 349 1006 testimonio
375 939 643 1025 condempnatum
673 939 730 1024 qui
759 939 865 1025 ipsum
896 938 968 1004 odio
997 948 1204 1025 persecuntur
1230 938 1372 1024 antiqu0,

170 1068 246 1132 quos
268 1067 336 1128 uos,
353 1044 420 1109 suis
442 1043 705 1129 compurgatoriis
727 1042 859 1128 ydoneis
882 1065 946 1108 non
962 1042 1120 1127 admissis,
1136 1052 1247 1109 eontra
1268 1043 1374 1129 ipsum

169 1158 321 1235 tanquam
336 1157 592 1234 compurgatores
607 1146 689 1212 siout
705 1148 795 1213 uobis
815 1147 935 1234 placuit
950 1146 1134 1227 induxistis,
1149 1170 1186 1212 ao
1209 1169 1241 1212 se
1255 1155 1375 1213 asserat

168 1254 279 1319 obiecti
300 1253 443 1317 oriminis
465 1252 562 1317 lesam
581 1252 804 1316 conscientiam
824 1274 887 1317 non
907 1252 1031 1317 habere.
1080 1251 1184 1338 Super
1198 1261 1256 1317 eto.
1301 1249 1374 1317 Nos

170 1358 267 1444 igitur
281 1367 338 1424 ete.
353 1380 454 1444 usque
469 1357 670 1438 remittimus,
682 1364 717 1420 ut
732 1356 757 1420 si
782 1355 927 1420 relationi
945 1355 1152 1421 confessionis
1171 1357 1238 1421 eius
1254 1357 1374 1421 ueritas

169 1461 368 1548 suffragatur,
392 1484 449 1547 per
475 1484 532 1526 uos
558 1469 703 1525 reuocato
727 1458 900 1546 prudenter
924 1460 1042 1525 iniusto
1069 1460 1158 1525 illato
1185 1461 1373 1547 grauamine

171 1589 248 1652 pena
278 1565 500 1652 penitentiaria
529 1587 594 1629 non
624 1573 788 1649 prematur
818 1587 913 1650 quem
946 1586 1054 1628 secura
1087 1567 1275 1630 conscientia
1308 1588 1374 1631 non

171 1680 302 1737 accusat.

735 1910 810 1977 XC.

295 2105 354 2170 Du
377 2123 423 2170 no
445 2122 508 2179 ou1
531 2103 727 2169 Ounnnnnr
749 2121 790 2166 ru
814 2102 992 2168 Econnsm
1016 2103 1252 2170 Iurnnmnrn.
1282 2123 1284 2128 ·

213 2280 374 2367 Episcopo
380 2277 598 2365 Wigornensi.
625 2278 690 2343 Pro
703 2278 853 2364 magistro
867 2278 905 2342 R.
917 2278 957 2343 de
968 2315 1088 2325 --
1100 2279 1162 2344 fuit
1173 2278 1375 2366 propositum

173 2409 276 2452 eoram
291 2384 383 2450 nobis
398 2382 485 2470 quod
499 2405 572 2447 cum
587 2382 714 2447 ecclesia
726 2380 862 2468 quedam
877 2391 950 2468 post
961 2382 1206 2469 appellationem
1222 2407 1263 2448 ex
1280 2405 1375 2448 causa

175 2489 330 2576 probabili
344 2487 385 2553 ad
399 2487 601 2575 apostolicam
618 2485 723 2552 sedem
740 2487 884 2551 emissam
901 2496 980 2551 essct
990 2486 1195 2553 ecclesiastico
1211 2487 1375 2574 supposita

173 2593 349 2676 interdicto,
372 2592 458 2657 idem
484 2591 633 2677 magister
655 2590 861 2676 euangelium·
882 2590 960 2677 legit
987 2590 1020 2654 in
1047 2592 1124 2677 ipsa.
1185 2591 1287 2679 Super
1311 2615 1375 2678 quo

174 2699 305 2784 petitum
321 2706 368 2762 est
381 2695 546 2770 humiliter
560 2695 622 2760 sibi
637 2693 677 2758 de
691 2693 894 2780 prouidentia
909 2694 960 2760 sed
966 2697 991 2759 is
1014 2695 1184 2779 apostolice
1199 2695 1374 2763 subueniri.

173 2801 241 2868 Nos
264 2811 370 2866 autem
391 2801 575 2865 auctoritate
597 2798 719 2864 domini
741 2821 822 2884 pape
845 2809 901 2864 etc.
925 2809 1080 2885 quatenus
1103 2800 1246 2865 iniuncta
1267 2801 1295 2865 ei
1318 2810 1375 2865 ete.

175 2928 273 2992 usque
296 2906 439 2985 obsistat,
463 2903 707 2990 dispensationis
727 2903 864 2989 gratiam
883 2904 1033 2989 aperiatis
1054 2903 1166 2970 eidem.

729 3232 825 3298 XCI.

281 3405 282 3408 ’
307 3404 363 3468 Du
386 3422 431 3468 no
454 3422 517 3479 om
539 3405 686 3473 Vronnr
709 3408 961 3473 Arosromouu
985 3407 1245 3475 Inrnnmoruu.

262 3579 511 3665 Archiepisecpo
526 3581 721 3647 Bracarensi.
768 3584 968 3649 Transmissa
991 3584 1084 3649 nobis
1106 3623 1237 3634 —-—
1260 3584 1375 3670 prioris

174 3685 274 3750 sancti
305 3682 522 3748 Bartholomei
559 3685 599 3750 de
628 3686 804 3753 Oolimbria
834 3688 946 3774 petitio
976 3688 1157 3753 continebat
1186 3687 1271 3774 quod
1304 3712 1377 3753 cum

173 3811 209 3855 eo
235 3799 378 3874 tempore
403 3811 465 3873 quo
491 3789 664 3855 uiolauerat
691 3790 894 3856 interdictum
919 3792 1058 3878 positum
1085 3793 1119 3856 in
1146 3792 1223 3858 locis
1249 3793 1289 3857 ad
1316 3817 1377 3880 que

176 3892 246 3958 Rex
286 3891 525 3977 Portugalensis
563 3894 706 3978 ueniret¹,
741 3918 798 3959 sua
836 3896 985 3960 beneficia
1022 3897 1219 3982 percepisset,
1251 3907 1282 3962 et
1320 3920 1377 3963 uos

172 3997 359 4062 auctoritate
387 3997 559 4081 apostolica
587 3997 793 4064 mandassetis
825 3999 1007 4065 huiusmodi
1038 4001 1249 4066 uiolatoribus
1280 4002 1376 4066 inter-

172 4100 251 4167 dicti
266 4099 352 4186 quod
376 4099 460 4164 infra
482 4112 600 4165 certum
620 4112 745 4188 tempus
769 4103 916 4168 beneficia
939 4104 1140 4170 restituerent
1154 4106 1199 4170 sic
1221 4117 1376 4192 percepta,

176 4206 206 4269 in
219 4216 464 4289 transgressores
477 4205 617 4271 mandati
633 4208 968 4273 excommunicationis
984 4209 1138 4273 sententia
1151 4209 1377 4275 nichilominus

175 4308 386 4396 promulgata.
433 4308 537 4392 Idem,
554 4311 707 4375 restitutis
728 4310 920 4397 quibusdam
943 4322 973 4376 et
995 4313 1146 4377 beneficio
1169 4313 1378 4378 absolutionis

207 4483 333 4536 1Saneho
345 4484 428 4535 11.ss
442 4484 570 4550 Portugal
581 4502 633 4536 was
653 4486 900 4538 excommunicated
918 4487 953 4553 by
964 4487 1086 4553 Gregory
1098 4487 1149 4537 IX.
1163 4487 1191 4538 in
1211 4488 1275 4538 1238
1296 4487 1378 4554 (Ray-

173 4567 246 4619 nald.
259 4566 358 4618 Annal.
371 4584 432 4618 ann.
447 4568 512 4618 1238
524 4585 549 4618 n.
558 4568 613 4632 48).
649 4569 707 4620 The
719 4578 785 4620 next
796 4586 853 4621 case
864 4571 947 4621 refers
965 4578 992 4622 to
1004 4571 1050 4622 the
1062 4587 1132 4622 same
1144 4579 1251 4622 events:
1272 4571 1377 4622 Sancho

173 4649 341 4703 endeavored
359 4658 386 4702 to
404 4658 516 4717 prevent
527 4651 573 4703 the
591 4651 687 4719 bishop
706 4652 773 4704 elect
785 4653 815 4703 of
831 4652 930 4704 Lisbon
949 4653 1018 4704 from
1038 4653 1185 4720 oceupying
1203 4654 1246 4705 his
1265 4670 1307 4706 see
1325 4654 1377 4705 and

173 4733 276 4786 treated
288 4733 348 4784 him
358 4733 425 4785 with
437 4735 518 4786 much
531 4734 682 4786 harshness.
720 4735 802 4801 (Ibid.
815 4753 842 4787 n.
856 4736 908 4799 50.)
