3098 5476
268 464 310 527 64
352 479 489 527 XLVII.
514 480 565 527 Du
594 478 800 527 MONAOHO
829 478 901 535 QUI
929 479 1049 527 FECIT
1078 479 1123 526 SE
1151 480 1417 529 GIRGUMGIDI.

265 637 419 702 cautelam
442 638 641 724 presentibus
663 637 838 720 intercluse,
855 638 939 703 idem
961 638 1116 724 presbiter
1138 662 1201 705 non
1225 639 1268 704 sit
1289 641 1500 714 conuictuS‚

266 765 323 807 nec
349 741 424 807 inde
448 743 560 807 habeat
583 742 788 828 probabiliter
810 743 1031 813 conscientiam
1059 743 1301 827 remordentem,
1325 745 1350 809 si
1377 741 1499 808 aliud

265 847 452 911 canonicum
466 870 532 912 non
546 846 677 912 obsistat
694 847 883 932 permittatis
905 847 1007 911 eidem
1032 848 1063 912 in
1087 849 1153 914 suis
1175 847 1342 913 ordinibus
1365 849 1495 913 libere

268 951 456 1016 ministrare.

754 1075 977 1084 *-

788 1226 942 1295 XLVII.

464 1419 521 1482 Da
544 1418 730 1483 Mouacno
753 1438 815 1495 our
840 1419 951 1484 Facm
972 1438 1014 1484 sn
1037 1419 1264 1485 Cincuucmt.

311 1611 469 1697 Episcopo
490 1648 631 1675 —.
678 1610 752 1676 Non
777 1621 881 1675 auster
896 1611 949 1676 sed
972 1611 1080 1697 aquilo
1103 1612 1179 1676 flare
1201 1611 1331 1676 uidetur
1346 1612 1381 1676 in
1395 1635 1460 1677 aus·

264 1717 336 1799 tria,
353 1717 428 1800 quia
445 1717 506 1779 iam
524 1738 588 1779 non
603 1714 728 1800 plantas
751 1714 887 1780 humiles
909 1716 962 1780 sed
986 1717 1112 1781 arbores
1134 1715 1224 1799 altas,
1241 1717 1328 1782 uiros
1349 1717 1462 1782 scilicet

265 1820 428 1905 religiosos
443 1841 587 1904 proceros
603 1819 637 1882 in
653 1818 759 1883 fructu
774 1818 945 1883 demolitur
956 1829 986 1884 et
998 1819 1093 1903 foliis,
1104 1819 1332 1885 nichilominus
1347 1821 1461 1885 radices

265 1932 415 1991 euertens
461 1922 543 1987 Sane
568 1922 708 1987 indicta
731 1923 894 2009 prouincia
918 1946 1018 2009 usque
1040 1923 1119 1989 adeo
1141 1924 1274 2009 perfidia
1296 1922 1461 1990 iudeorum

264 2028 419 2093 intumuit
433 2025 519 2113 quod
542 2050 604 2091 non
629 2026 732 2092 solum
756 2027 860 2112 laycos
883 2028 964 2093 sicut
978 2028 1129 2093 asseritur
1147 2028 1330 2094 subuertere
1352 2029 1463 2094 nititur

265 2132 319 2197 sed
342 2133 435 2196 etiam
454 2131 615 2216 religiosos
637 2130 841 2218 supplantare
863 2140 1004 2197 conatur.
1054 2132 1135 2197 Ecce
1150 2170 1282 2181 —
1297 2132 1381 2199 lator
1394 2156 1462 2220 pre-

265 2236 400 2301 sentium
416 2234 587 2301 monachus
610 2235 770 2320 quondam
787 2236 991 2301 cisterciensis
1014 2236 1134 2302 ordinis
1150 2237 1205 2322 qui
1228 2237 1346 2302 relictis
1369 2237 1462 2303 seculi

266 2339 460 2404 uanitatibus
493 2338 660 2403 uidebatur
691 2362 846 2404 macerare
879 2339 1010 2405 domino
1041 2363 1166 2404 carnem
1199 2363 1300 2424 suam,
1330 2341 1463 2427 iudayce

264 2445 422 2530 pravitate
437 2442 592 2524 seductus
604 2443 767 2529 abnegatis
782 2443 923 2508 articulis
938 2444 1010 2509 fidei
1027 2444 1212 2527 orthodoxe,
1228 2468 1285 2531 per
1299 2445 1462 2511 interdicte

265 2547 511 2613 circumcisionis
535 2548 706 2612 cauterium
733 2548 911 2634 consignari
936 2548 1040 2614 uoluit
1061 2572 1134 2613 oum
1156 2549 1347 2636 dampnatis.
1403 2550 1461 2616 Sed

266 2674 379 2716 manus
409 2651 554 2716 altissimi
585 2675 676 2739 opem
704 2652 788 2736 tulit,
813 2652 891 2717 dum
914 2661 1000 2717 cetus
1029 2653 1160 2738 grandis
1190 2653 1283 2717 illum
1309 2677 1406 2741 quem
1430 2655 1459 2718 in

265 2779 351 2821 mare
376 2756 508 2841 iudayce
532 2756 728 2821 infidelitatis
754 2756 927 2835 obsorbuit,
955 2781 1081 2822 uomere
1105 2758 1228 2844 cogitur
1254 2759 1347 2824 iuxta
1374 2759 1461 2824 littus

266 2859 338 2925 fidei
361 2860 540 2928 christiane.
588 2860 670 2926 Cum
693 2861 792 2946 igitur
807 2872 947 2926 recurrat
968 2861 1007 2925 ad
1033 2870 1175 2945 matrem,
1192 2862 1299 2947 pulsat
1316 2862 1460 2946 lacrimis,

266 2964 363 3029 instat
385 2965 555 3050 gemitibus
580 2973 615 3029 ut
638 2965 771 3051 prodigo
796 2965 938 3030 redeunti
963 2966 1055 3030 uenie
1078 2966 1174 3030 ianua
1192 2952 1262 3031 'non
1286 2965 1460 3032 claudatur.

266 3067 318 3133 Ne
341 3069 439 3155 igitur
453 3069 545 3154 panis
567 3070 697 3134 omnino
713 3078 844 3155 negetur
858 3079 890 3134 et
904 3092 986 3155 aqua
1001 3069 1136 3157 fugienti
1158 3092 1178 3134 a
1193 3070 1271 3134 facie
1293 3071 1459 3157 aquilonis,

267 3172 373 3258 ipsum
395 3173 436 3237 ad
459 3195 516 3238 uos
538 3173 689 3238 duximus
711 3173 937 3238 remittendum
959 3174 998 3239 de
1021 3174 1150 3260 speciali
1174 3173 1325 3240 mandato
1340 3173 1460 3241 domini

266 3300 347 3363 pape
370 3286 472 3343 uestre
495 3277 694 3363 prouidentia
716 3278 946 3342 committentes
968 3287 1124 3364 quatenus
1150 3278 1309 3365 prefatum
1332 3317 1461 3328 ——

267 3380 413 3446 abiurata
435 3380 566 3465 iudayce
588 3381 821 3467 superstitionis
842 3404 957 3466 errore,
973 3391 1068 3468 prout
1086 3383 1182 3447 moris
1204 3392 1251 3448 est
1268 3392 1300 3448 et
1315 3383 1461 3470 expedire

193 3566 196 3573 .
267 3485 411 3550 uideritis
433 3486 669 3551 reconciliatum
691 3484 816 3551 ecclesie
838 3485 967 3550 demum
986 3486 1018 3550 in
1041 3486 1209 3552 reclusorio
1224 3487 1317 3551 iuxta
1340 3510 1459 3553 monas·

265 3589 381 3654 terium
402 3589 531 3676 aliquod
556 3599 657 3655 uestre
678 3589 808 3655 diocesis
830 3589 998 3656 recludatis
1021 3600 1056 3655 ut
1074 3591 1285 3656 satisfactione
1307 3591 1461 3679 condigne

266 3694 439 3779 penitentie
453 3693 556 3758 diluat
572 3693 697 3758 orrendi
713 3695 855 3759 criminis
872 3694 1010 3759 maculas
1025 3717 1104 3781 quas
1119 3695 1288 3760 contraxit.

725 3922 773 3967 nn
796 3921 927 3968 nonum.
952 3903 1009 3990 (2).

309 4093 431 4159 Abbati
455 4131 585 4142 ——
607 4094 821 4160 Cisterciensis
845 4094 976 4160 ordinis.
1024 4094 1114 4159 Dum
1140 4095 1349 4182 ignominiam
1374 4119 1461 4162 casus

266 4198 411 4263 monachi
442 4198 540 4262 uestri
569 4236 701 4247 —
731 4199 923 4284 presentium
954 4199 1118 4284 portitoris
1147 4199 1354 4281 attendimus,
1384 4200 1462 4266 dum

264 4311 386 4368 reatum
416 4302 612 4367 aduertimus
646 4302 678 4366 in
712 4303 874 4388 religionis
906 4304 1080 4389 professore
1111 4304 1274 4380 maiorem,
1304 4314 1336 4370 et
1367 4306 1462 4371 uerba

263 4406 385 4492 pudore
422 4405 581 4492 intercipit
611 4416 641 4471 et
672 4406 790 4472 factum
820 4407 998 4472 litterarum
1028 4417 1207 4472 uestrarum
1237 4409 1293 4473 uix
1321 4409 1463 4475 admittit

262 4510 419 4597 proloqui.
466 4510 559 4575 Idem
575 4511 746 4576 monachus
768 4511 970 4597 quorundam
993 4511 1159 4577 iudeorum
1173 4513 1338 4599 prauitate'
1353 4513 1462 4580 seduc·

262 4624 324 4697 tue,
351 4614 399 4679 bis
423 4637 480 4700 per
504 4615 667 4680 interdicte
690 4615 935 4681 circumcisionis
959 4616 1133 4680 cauterium
1156 4616 1335 4702 consignari
1361 4618 1462 4684 uoluit
