3098 5476
433 480 535 531 XXV.
564 481 614 528 DE
644 480 874 529 HOMIGIDIO
902 479 1099 530 casnm.

704 761 826 829 XXV.

527 986 584 1049 Du
607 986 806 1050 Honrcrolo
830 984 1004 1052 (insuam.

211 1190 371 1279 Episcopo
387 1193 634 1280 Pampilonensi.
681 1231 810 1244 --
827 1193 935 1259 latoris
957 1194 1152 1279 presentium
1167 1193 1285 1280 petitio
1299 1217 1364 1258 con-

168 1295 290 1360 tinebat
306 1297 390 1383 quod
410 1321 480 1361 cum
498 1297 613 1363 debilis
635 1298 674 1363 de
692 1297 773 1364 lecto
794 1297 988 1384 egretudinis
1010 1298 1199 1363 surrexisset
1215 1307 1248 1362 et
1263 1297 1304 1362 ad
1325 1320 1365 1362 re

168 1401 334 1465 creationis
358 1401 532 1466 remedium
554 1403 655 1488 spatia
673 1425 857 1488 camporum
877 1411 1037 1489 appeteret
1051 1425 1170 1488 equum
1190 1401 1366 1468 commoda·

168 1513 238 1569 tum
261 1505 401 1570 ascendit
424 1507 514 1571 euius
540 1507 657 1571 uitium
681 1507 855 1592 ignorabat.
912 1507 1048 1593 Cunque
1070 1507 1124 1571 ille
1147 1507 1249 1572 bucca
1272 1506 1366 1571 durus

169 1609 250 1673 male
262 1631 374 1694 parens
389 1610 497 1675 ahenis
509 1610 679 1676 declinaret
692 1611 725 1674 in
737 1610 876 1694 deuium,
889 1634 960 1676 eum
973 1612 1056 1698 cepit
1067 1633 1180 1697 urgere
1195 1611 1367 1676 calcaribus

168 1722 203 1776 ut
219 1711 259 1777 ad
282 1715 466 1779 comitatum
489 1714 649 1780 reduceret
664 1714 801 1780 aliorum
816 1725 847 1781 et
862 1714 902 1780 ad
925 1737 1067 1801 gressum
1091 1715 1230 1781 flecteret
1245 1715 1367 1781 ordina·

168 1826 248 1882 tum.
294 1819 341 1882 At
357 1818 411 1883 ille
433 1829 536 1906 preter
560 1820 687 1885 sessoris
709 1808 878 1884 arbitrium
895 1828 1004 1906 raptus
1027 1820 1191 1884 incursum
1210 1819 1366 1906 quendam

169 1944 302 2006 puerum
326 1945 420 2008 quem
443 1924 574 1989 obuium
597 1923 708 1989 habuit
731 1924 899 1990 interemit.
945 1924 1071 1992 Verum
1088 1947 1162 1989 cum
1183 1925 1218 1988 in
1242 1924 1367 1989 ecclesia

169 2025 405 2110 Pampilonensi
431 2050 450 2092 a
465 2028 560 2114 longo
575 2038 715 2115 tempore
729 2028 889 2114 professus
908 2028 1004 2093 fuerit
1019 2028 1163 2094 ordinem
1178 2028 1367 2115 regularem,

169 2129 396 2216 supplicauita
419 2132 490 2196 sede
512 2133 683 2218 apostolica
706 2156 800 2219 super
814 2133 976 2219 premissis
998 2133 1129 2198 salutari
1154 2132 1216 2198 sibi
1240 2132 1368 2198 consilio

170 2234 339 2321 prouideri.
385 2237 473 2314 Quia
487 2237 578 2302 uobis
594 2236 633 2301 de
649 2237 731 2302 facto
746 2247 777 2302 et
793 2237 867 2301 facti
883 2238 1127 2303 circumstantiis
1143 2246 1200 2302 etc.
1214 2246 1369 2323 quatenus

169 2338 196 2403 si
224 2348 271 2404 est
297 2340 342 2405 ita
369 2341 542 2426 iniungatis
572 2341 695 2427 prefato
720 2343 870 2407 canonico
897 2343 1102 2427 penitentiam
1130 2351 1368 2428 competentem,

170 2466 233 2530 qua
256 2455 380 2529 peracta
400 2446 426 2509 si
449 2445 538 2509 aliud
560 2447 745 2510 canonicum
769 2469 832 2510 uon
855 2446 985 2512 obsistat
1006 2469 1071 2511 non
1093 2445 1277 2531 impediatis
1300 2469 1367 2511 eum

170 2549 342 2634 quominus
373 2550 406 2612 in
435 2551 587 2637 susceptis
617 2551 781 2615 ordinibus
811 2551 991 2615 ministrare
1020 2560 1051 2615 et
1080 2549 1121 2614 ad
1151 2573 1264 2616 omnes
1294 2549 1369 2615 alios

171 2652 275 2717 ualeat
297 2654 488 2739 promoueri.

631 2849 679 2893 ns
702 2849 832 2897 nonan.
857 2829 915 2917 (2).

216 3036 336 3101 Abbati
351 3075 491 3102 --.
537 3037 591 3102 Ex
614 3049 722 3103 tenore
745 3039 922 3103 litterarum
937 3047 1114 3103 uestrarum
1131 3047 1162 3103 et
1178 3039 1372 3105 confessione

173 3141 316 3205 monachi
334 3143 429 3206 uestri
447 3142 554 3207 latoris
570 3144 762 3228 presentium
778 3144 956 3228 accepimus
972 3143 1058 3228 quod
1074 3143 1230 3229 cumipse
1246 3144 1370 3208 cuidam

172 3245 336 3310 insedisset
363 3247 492 3311 roncino
522 3270 616 3332 super
647 3246 806 3333 quendam
837 3248 962 3331 laycum
992 3247 1033 3311 ab
1063 3247 1125 3312 alio
1155 3247 1287 3314 inimico
1316 3271 1371 3314 suo

171 3349 374 3414 uulneratum
402 3350 442 3414 ad
469 3362 612 3434 mortem,
637 3352 692 3437 qui
719 3352 779 3416 sibi
806 3352 923 3416 multas
950 3351 1081 3415 iniurias
1108 3351 1276 3437 irrogarat,
1302 3353 1372 3418 feeit

172 3455 341 3519 transitum
371 3477 443 3519 cum
481 3455 620 3539 roncino,
651 3456 790 3520 nesciens
823 3465 929 3521 tamen
960 3465 1068 3519 utrum
1100 3455 1269 3520 roncinum
1301 3480 1370 3522 eum

172 3558 287 3638 leserit,
305 3559 468 3624 attendens
492 3558 580 3647 [aic],
597 3561 653 3645 qui
675 3560 760 3624 infra
781 3570 849 3626 octo
869 3560 994 3624 dierum
1017 3560 1156 3645 spatium
1180 3583 1221 3625 ex
1244 3562 1372 3626 inflictis

172 3662 233 3726 sibi
256 3662 442 3729 uulneribus
464 3665 632 3751 expirauit.
684 3664 811 3732 Verum
835 3688 906 3729 cum
930 3665 997 3750 ipse
1020 3687 1113 3750 super
1136 3664 1194 3729 hoc
1218 3665 1298 3730 uelit
1319 3688 1373 3731 suc

173 3765 268 3830 saluti
291 3767 452 3832 consulere
474 3779 568 3854 atque
591 3768 684 3849 fame,
700 3790 719 3832 a
735 3769 825 3833 nobis
848 3768 984 3833 salutare
1003 3767 1171 3833 consilium
1186 3769 1372 3854 postulauit.

172 3868 242 3935 Nos
264 3882 370 3936 autem
391 3872 465 3956 quia
489 3873 580 3937 nobis
601 3873 693 3958 plene
715 3883 857 3938 constare
880 3896 943 3938 non
966 3873 1071 3959 potuit
1093 3872 1132 3937 de
1154 3874 1328 3958 premissis,
1344 3885 1374 3938 et

172 3997 263 4039 cause
285 3975 380 4039 dubie
402 3999 464 4040 non
489 3988 622 4062 possunt
642 3986 726 4043 certo
749 3977 864 4042 iudicio
887 3977 1060 4059 terminari,
1077 3977 1247 4063 prudentie
1269 3987 1375 4043 uestrc

173 4080 357 4144 auctoritate
372 4079 493 4144 domini
516 4104 596 4166 pape
612 4082 837 4145 committimus
857 4092 1011 4167 quatenus
1035 4081 1187 4168 inquisita
1201 4105 1299 4168 super
1313 4082 1375 4148 hiis

173 4183 358 4269 diligentius
382 4186 523 4264 ueritate,
548 4186 573 4249 si
606 4186 695 4250 uobis
719 4186 894 4250 constiterit
917 4185 1036 4249 dictum
1064 4184 1253 4251 monachum
1281 4187 1374 4251 huius

173 4288 337 4354 homicidii
360 4290 393 4352 in
417 4289 525 4375 aliquo
540 4274 606 4354 esse
629 4313 727 4367 reum,
746 4290 886 4354 iniuncta
909 4290 969 4354 sibi
993 4291 1168 4375 penitentia
1183 4290 1374 4378 competenti

173 4395 278 4480 ipsum
312 4394 352 4458 ab
390 4395 573 4458 executione
611 4417 770 4458 sacrorum
802 4394 950 4459 ordinum
984 4402 1134 4480 perpetuo
1164 4394 1373 4480 suspendatis,

172 4499 315 4584 alioquin
345 4521 424 4584 pene
454 4521 518 4563 non
548 4497 736 4563 extendatur
773 4499 925 4563 acerbitas
963 4498 1047 4563 ultra
1080 4521 1176 4583 quam
1206 4499 1300 4585 culpe
1330 4499 1374 4562 in·

174 4605 321 4667 ueniatur
335 4626 485 4667 excessus.
