3098 5476
125 520 129 528 '
185 505 227 571 90
402 521 588 573 LXXVIII.
612 524 663 571 Du
692 524 740 571 ΕΟ
769 523 841 580 QUI
869 525 1054 573 DUBII'AT
1083 526 1171 577 ΕΤΟ.

183 681 341 768 quendam
354 681 451 746 furati
468 680 586 746 fuerint
600 682 787 767 generaliter
801 683 1036 768 promulgatam
1053 684 1197 768 incurrit,
1208 694 1239 750 et
1255 686 1384 772 ignarus

184 786 263 851 iuris
285 785 395 850 diuina
409 785 579 850 celebrauit
594 785 696 850 officia
712 809 776 852 non
798 786 930 852 solutus.
977 786 1060 853 Sane
1082 811 1154 853 cum
1177 789 1261 854 circa
1280 790 1384 875 ipsum

183 913 240 976 per
262 913 318 955 uos
343 889 439 954 fuerit
460 888 600 975 predicte
624 891 776 955 sententie
800 891 966 955 uinculum
991 892 1168 957 relaxatum
1193 916 1291 979 super
1315 895 1385 960 aliis

183 994 313 1060 dominc
339 1017 420 1080 pape
449 993 613 1059 humiliter
636 994 836 1080 supplicastis
864 1005 899 1060 ut
922 1019 1026 1060 secum
1054 996 1240 1082 dignaretur
1266 999 1384 1064 miseri·

183 1099 319 1165 corditer
347 1098 536 1184 dispensare.
597 1098 755 1177 Quocirca
784 1099 971 1166 discretione
1007 1112 1109 1166 uestre
1141 1112 1197 1167 etc.
1229 1112 1385 1188 quatenus

183 1205 325 1268 iniuncta
347 1204 375 1268 ei
397 1211 453 1268 etc.
477 1225 575 1288 usque
597 1202 781 1269 admittatis.

641 1414 690 1458 nn
712 1413 845 1459 nonan.
871 1395 927 1482 (3).

227 1572 386 1658 Episcopo
409 1607 548 1636 —.
601 1569 654 1633 Ex
677 1579 784 1634 tenore
806 1569 984 1635 litterarum
1008 1582 1182 1637 uestrarum
1207 1582 1238 1637 εὴ
1261 1574 1384 1639 confes-

181 1677 269 1742 sione
298 1674 336 1741 B.
364 1675 531 1761 presbiteri
557 1674 665 1738 latoris
694 1675 888 1759 presentium
913 1675 1045 1741 diocesis
1074 1687 1177 1741 uestre
1204 1678 1383 1763 accepimus

181 1779 362 1868 quodcum
384 1788 486 1844 essent
500 1779 535 1841 in
550 1777 700 1864 parochia
723 1778 887 1843 cuiusdam
910 1779 1036 1845 ecclesie
1061 1781 1094 1844 in
1117 1804 1182 1867 qua
1205 1782 1273 1868 ipse
1296 1805 1381 1869 pres-

180 1886 261 1950 biter
275 1884 431 1950 sentiebat
445 1882 580 1969 quedam
600 1882 687 1948 furto
705 1882 840 1965 sublata,
856 1906 990 1969 persona
1012 1883 1100 1950 illius
1122 1885 1250 1950 ecclesie
1273 1909 1381 1952 omnes

178 1990 250 2056 illos
265 1989 322 2076 qui
337 1988 487 2052 baberent
501 1986 653 2073 predicta,
671 1987 843 2052 monitione
864 1989 1027 2074 premissa,
1044 1990 1379 2056 excommunicationis

178 2095 290 2180 laqueo
301 2092 478 2158 innodauit.
510 2091 638 2160 Verum
649 2113 720 2155 cum
731 2092 771 2155 ad
785 2114 897 2156 manus
909 2092 1008 2179 ipsius
1023 2093 1207 2159 huiusmodi
1219 2087 1379 2180 peiuenis-

177 2208 246 2265 sent
258 2198 341 2263 idem
353 2197 395 2263 A.
408 2196 483 2284 [ab]
499 2218 536 2261 ea
550 2195 683 2261 scienter
694 2195 831 2260 retinens
846 2196 880 2260 in
896 2196 1079 2263 sacerdotali
1096 2197 1208 2263 ordine
1222 2207 1377 2284 tanquam

176 2303 312 2388 simplex
328 2313 359 2366 et
373 2302 451 2366 iuris
473 2301 602 2386 ignarus
617 2299 728 2364 diuina
743 2300 882 2365 misteria
896 2301 1075 2367 celebrauit.
1122 2302 1190 2381 Qui
1205 2311 1313 2368 tamen
1331 2303 1379 2369 bis

175 2417 306 2494 propter
320 2408 380 2472 hoc
401 2404 615 2491 apostolorum
631 2404 743 2469 limina
759 2405 891 2469 uisitans
913 2405 1121 2472 absolutionis
1144 2407 1333 2472 beneficium
1348 2417 1377 2473 et

175 2511 417 2598 dispensationis
439 2509 573 2595 gratiam
597 2509 751 2573 instanter
765 2518 796 2573 et
811 2508 975 2575 humiliter
989 2510 1173 2596 postulauit.
1219 2511 1378 2580 Volentes

175 2618 274 2704 igitur
295 2614 437 2701 pulsanti
459 2613 577 2679 tociens
598 2613 643 2676 sic
665 2612 876 2678 misericordie
902 2614 1029 2678 ianuam
1051 2615 1173 2700 aperire
1198 2614 1287 2701 quod
1313 2638 1375 2682 non

174 2721 318 2788 soluatur
327 2719 457 2784 omnino
472 2717 635 2781 uinculum
652 2717 857 2782 ecclesiastice
871 2718 1037 2804 discipline
1052 2719 1238 2785 auctoritate
1252 2719 1376 2785 domini

174 2813 255 2912 pape
278 2822 476 2910 prouidentia
502 2831 605 2887 uestre
628 2822 855 2887 committimus
878 2833 915 2886 ut
939 2823 1008 2907 ipso
1037 2823 1211 2888 secundum
1238 2824 1373 2890 formam

173 2930 298 2996 ecclesie
320 2927 465 2992 absoluto
487 2926 528 2991 ab
553 2927 736 2992 executione
758 2925 907 2991 ordinum
926 2949 1056 2992 suorum
1071 2927 1112 2992 ad
1134 2937 1262 3014 tempus
1285 2930 1375 2996 iuxta

175 3044 316 3100 uestrum
327 3031 495 3097 arbitrium
508 3031 681 3096 limitatum
694 3030 890 3116 suspendetis
905 3030 1049 3113 eundem,
1059 3041 1090 3096 et
1101 3032 1180 3097 alias
1192 3033 1336 3099 iniuncta
1347 3036 1372 3099 ei

173 3138 346 3226 penitentia
357 3136 557 3222 competenti,
567 3136 594 3199 si
610 3135 738 3199 honeste
751 3136 815 3199 uite
830 3144 861 3199 et
873 3134 1041 3200 laudabilis
1056 3137 1306 3203 conuersationis
1317 3149 1373 3204 etc.

665 3431 877 3497 LXXVIII.

195 3627 250 3692 Dn
274 3646 319 3692 no
341 3645 404 3702 ctu
427 3625 592 3689 Dunrrur
615 3624 991 3689 Excouuumourroun
1013 3624 1156 3689 Tnunnr
1179 3643 1253 3691 ocu
1276 3645 1352 3693 nou

559 3747 611 3792 srr
634 3728 980 3793 Excouuuurcnrus.

216 3923 375 4009 Episcopo
413 3921 627 3986 Cremonensi.
688 3920 858 4006 Proposuit·
887 3942 992 3984 coram
1031 3919 1122 3986 nobis
1156 3921 1308 4008 magister
1338 3924 1371 3990 J.

171 4028 339 4093 canonicus
362 4026 463 4112 plebis
487 4025 526 4089 de
550 4025 719 4110 Supertiuc
744 4023 825 4089 lator
850 4025 1040 4110 presentium
1066 4023 1152 4111 quod
1178 4025 1213 4090 in
1238 4065 1373 4078 --

171 4131 467 4218 archipresbiterum
491 4140 521 4194 et
541 4129 715 4213 capitulum
738 4129 840 4213 plebis
862 4128 1002 4194 eiusdem
1024 4129 1089 4193 lata
1111 4129 1173 4194 fuit
1190 4152 1372 4196 excommu-

171 4237 339 4302 nicationis
364 4235 518 4301 sententia
542 4256 601 4319 pro
623 4256 659 4298 eo
684 4232 768 4319 quod
793 4233 941 4297 clericum
964 4233 1158 4298 —ad
1184 4236 1373 4302 mandatum

112 4332 114 4337 ’
170 4341 378 4428 apostolicum
398 4339 547 4405 nolebant
569 4339 708 4424 recipere
730 4338 763 4401 in
786 4337 972 4402 canonicum
994 4351 1026 4402 et
1048 4338 1082 4401 in
1101 4337 1242 4405 fratrem.
1289 4339 1374 4407 Sane

170 4446 243 4511 licet
258 4445 342 4509 idem
356 4444 388 4511 J.
404 4466 467 4508 non
483 4442 624 4507 affuisset-
638 4443 672 4505 in
687 4442 782 4506 huius
805 4441 980 4528 receptione
1003 4440 1144 4506 mandati
1166 4465 1224 4507 nec
1245 4444 1279 4507 in
1296 4468 1368 4530 pro-

169 4551 271 4637 posito
293 4557 412 4635 gereret
434 4547 565 4613 iussioni
591 4546 760 4633 apostolice
782 4546 936 4610 contraire
959 4547 1024 4611 imo
1046 4556 1142 4631 prout
1164 4548 1272 4632 potuit
1294 4572 1368 4614 cum

169 4656 263 4722 sciuit
276 4654 423 4719 clericum
440 4660 648 4716 memoratum
664 4651 789 4736 recepit,
806 4650 880 4736 quia
903 4661 1007 4714 tamen
1023 4650 1124 4736 ipsius
1145 4653 1369 4719 conscientiam
