3098 5476
383 591 501 641 nxrv.
530 593 581 639 na
608 591 867 641 Juaxunuro
896 591 1137 640 aunuxuro.
1325 575 1368 641 rt

172 750 378 836 Sydoniensis
392 749 518 815 ecclesie
533 760 658 836 pastore
674 751 816 814 uacantis
830 749 940 815 fuisset
954 750 994 815 de
1008 750 1158 815 mandato
1174 751 1270 816 uestri
1286 751 1368 836 capi·

170 855 228 920 tuli
252 856 423 941 deputatus
446 854 636 920 uenerabilis
657 864 749 940 pater
762 893 894 903 —
908 848 1175 941 Archiepiscopus
1197 855 1368 920 Rauennae

172 960 200 1023 in
217 959 441 1024 transmarinis
463 959 608 1044 partibus
626 958 793 1044 legationis
808 959 944 1044 fungens
959 959 1071 1043 officio,
1088 961 1122 1023 in
1137 961 1244 1045 ipsum
1259 982 1317 1045 pro
1332 982 1368 1024 eo

170 1063 254 1150 quod
270 1063 310 1129 ad
329 1063 516 1128 mandatum
532 1063 599 1128 eius
615 1086 731 1150 equum
748 1072 778 1127 et
794 1063 948 1148 quasdam
964 1087 1011 1128 res
1035 1065 1136 1150 ipsius
1157 1063 1283 1129 ecclesie
1298 1073 1370 1150 post

170 1168 412 1254 resignationem
436 1168 720 1233 administrationis
743 1190 797 1232 sue
819 1168 1089 1234 -decano
1111 1177 1141 1233 et
1156 1205 1287 1217 —-
1301 1168 1370 1233 the-

171 1273 312 1338 saurario
324 1271 465 1336 eiusdem
477 1271 602 1337 ecclesie
613 1295 677 1337 nou
690 1271 823 1337 donauit
834 1273 1166 1337 excommunicationis
1181 1273 1368 1337 sententiam

169 1376 397 1463 promulgauit.
443 1374 633 1462 Superque
656 1377 717 1442 sibi
740 1377 831 1462 petiit
852 1377 1022 1463 apostolice
1048 1376 1131 1442 sedis
1156 1375 1369 1442 misericordia

170 1481 345 1547 subueniri.
383 1478 453 1545 Nos
468 1490 573 1545 autem
586 1480 624 1545 de
639 1480 768 1567 speciali
784 1480 933 1546 mandato
944 1480 1067 1546 domini
1083 1503 1164 1567 pape
1179 1481 1269 1546 nobis
1286 1480 1369 1545 facto

170 1607 225 1670 per
249 1583 464 1650 uenerabilem
487 1593 609 1671 patrem
635 1584 801 1650 dominum
826 1585 983 1649 Thomam
1006 1584 1093 1650 tituli
1120 1594 1225 1649 sancte
1252 1583 1370 1650 Sabine

169 1689 381 1775 presbiterum
395 1689 587 1754 cardinalem
603 1690 695 1755 uobis
718 1689 945 1753 committimus
960 1698 1115 1775 quatenus
1137 1688 1315 1775 predictum
1330 1689 1366 1752 P.

169 1793 208 1858 ab
224 1793 550 1874 excommunicatione
566 1793 748 1858 huiusmodi
772 1792 864 1857 iuxta
879 1793 1015 1858 formam
1034 1793 1158 1858 ecclesie
1172 1793 1370 1858 absoluentes

169 1897 344 1983 iniungatis
359 1897 388 1960 ei
402 1897 610 1983 penitentiam
626 1906 656 1962 et
671 1898 734 1962 alia
749 1920 810 1984 que
825 1896 969 1962 uideritis
985 1896 1152 1982 expedire.¹

648 2093 883 2102 ————-

707 2209 836 2276 LXIV.

353 2385 411 2450 Da
433 2386 574 2450 Eranam
597 2405 642 2450 ΕΤ
664 2406 712 2450 nu
735 2387 958 2452 Junnuxwro
982 2387 1194 2452 ermxuro.

216 2561 349 2648 Adgaro
373 2562 501 2627 Nuncio
518 2561 687 2647 apostolice
711 2561 794 2627 sedis
818 2562 850 2625 in
871 2562 1015 2647 partibus
1034 2562 1197 2628 Romanie.
1241 2601 1372 2611 —-—

170 2666 269 2730 abbas
287 2673 392 2730 sancte
408 2665 510 2729 Marie
525 2665 564 2729 de
581 2665 746 2730 Calabrica
759 2665 1054 2751 premonstratensis
1069 2664 1190 2730 ordinis
1209 2666 1290 2731 lator
1304 2690 1373 2752 pre-

170 2771 307 2835 sentium
323 2769 454 2834 domino
471 2792 550 2855 pape
567 2770 733 2856 proposuit
747 2769 834 2856 quod
850 2792 921 2834 cum
938 2771 1087 2855 magister
1104 2769 1275 2856 Philippus
1290 2771 1372 2836 eius-

170 2875 243 2940 dem
259 2873 382 2940 domini
398 2873 528 2938 clericus
551 2874 610 2938 sibi
630 2874 801 2959 apostolica
816 2874 1001 2939 auctoritate
1017 2874 1181 2939 mandaret
1195 2884 1232 2939 ut
1246 2874 1371 2940 tertiam

170 2990 293 3064 partem
310 2987 523 3064 prouentuum
540 2986 570 3042 et
582 2977 718 3043 aliorum
735 2978 902 3043 mobilium
918 2978 1043 3043 ecclesie
1058 2977 1236 3064 supradicte
1250 2978 1373 3044 confer-

170 3091 218 3148 ret
233 3082 336 3148 eidem
352 3105 411 3168 pro
426 3081 568 3148 subsidio
584 3083 707 3169 imperii
725 3083 891 3161 Romauie,
908 3083 975 3168 ipse
997 3083 1202 3168 priuilegium
1217 3083 1373 3148 libertatis

170 3188 312 3274 allegans
327 3187 431 3253 ordini
447 3209 504 3252 suo
519 3187 560 3251 ab
571 3188 742 3272 apostolica
757 3187 828 3251 sede
843 3210 1022 3252 concessum
1039 3186 1157 3273 dequo
1172 3188 1205 3250 in
1221 3188 1372 3273 rescripto

170 3291 345 3380 apostolico
361 3292 480 3356 mentio
495 3314 560 3356 non
576 3291 680 3374 fiebat,
697 3293 764 3356 eius
782 3290 934 3357 mandato
949 3314 1012 3356 non
1028 3292 1139 3378 paruit
1152 3292 1184 3354 in
1200 3292 1258 3356 hac
1272 3301 1372 3376 parte,

170 3405 201 3462 et
215 3418 289 3461 cum
301 3397 426 3461 timeret
438 3419 477 3461 ne
494 3396 597 3482 ipsum
614 3405 645 3461 et
659 3396 820 3460 ecclesiam
835 3419 926 3460 suam
941 3396 1078 3460 indebite
1093 3404 1289 3481 aggrauaret,
1301 3418 1373 3480 pre-

170 3500 280 3566 sertim
297 3524 369 3564 cum
385 3501 440 3565 alii
464 3500 603 3586 religiosi
619 3501 674 3587 qui
698 3500 893 3586 inpartibus
913 3500 978 3565 illis
1001 3499 1096 3565 simili
1114 3499 1282 3585 priuilegio
1297 3522 1372 3585 gau-

170 3605 247 3671 dent
259 3605 442 3671 huiusmodi
460 3605 601 3669 mandati
619 3603 769 3670 uidentur
780 3614 929 3688 exsortes,
939 3628 1009 3669 cum
1024 3605 1139 3690 quibus
1154 3612 1283 3689 paratus
1295 3615 1374 3669 esset

171 3710 272 3798 ipsius
287 3708 410 3774 domini
427 3709 554 3775 obedire
572 3708 730 3774 mandatis
752 3708 847 3773 duxit
861 3708 902 3773 ad
924 3709 1029 3773 sedem
1045 3709 1247 3795 apostolicam
1264 3709 1374 3794 appel-

171 3814 316 3880 landum.
363 3815 438 3900 Ipse
460 3836 535 3879 uero
558 3812 692 3899 predicti
714 3814 838 3878 abbatis
861 3813 1075 3899 appellatione
1096 3822 1277 3899 contempta
1291 3834 1372 3878 'eum

170 3919 276 3984 iurare
297 3919 399 4004 coegit
422 3920 559 3983 inuitum
583 3917 669 4005 quod
692 3916 777 3982 infra
798 3927 918 3982 certum
942 3926 1067 4003 tempus
1089 3917 1215 3982 tertiam
1237 3917 1374 3982 solueret

173 4032 398 4088 memoratam:
420 4031 451 4087 et
465 4022 540 4109 quia
555 4031 738 4108 prosecutus
754 4032 800 4086 est
815 4021 1060 4108 appellationem
1076 4044 1174 4108 quam
1190 4022 1304 4086 fecerat
1319 4045 1374 4085 ex-

171 4126 467 4193 communicationis
490 4126 522 4190 in
546 4149 618 4191 eum
642 4127 830 4191 seutentiam
853 4125 1080 4212 promulgauit.
1132 4125 1234 4211 Super
1256 4126 1373 4212 quibus

204 4335 285 4388 ¹The
297 4335 467 4402 Archbishop
485 4336 515 4387 of
529 4336 659 4387 Ravenna
676 4335 783 4387 alluded
800 4343 827 4386 to
845 4335 875 4386 in
892 4334 939 4386 the
957 4335 1040 4387 above
1052 4352 1103 4386 was
1120 4334 1235 4398 Thierri‚
1250 4333 1310 4385 who
1322 4351 1374 4385 was

171 4428 230 4472 sent
247 4419 277 4471 in
290 4420 356 4470 1234
375 4419 410 4486 by
422 4419 544 4486 Gregory
555 4420 606 4471 IX.
619 4427 647 4471 to
665 4419 711 4471 the
730 4419 805 4486 Holy
818 4419 894 4470 Laud
913 4436 941 4470 as
959 4419 1003 4470 his
1021 4419 1113 4485 legate,
1127 4417 1192 4470 with
1204 4417 1256 4468 full
1273 4433 1375 4483 powers

173 4503 274 4569 (Rubei
294 4502 365 4554 Hist.
378 4503 526 4555 Ravennat.
538 4521 564 4570 p.
577 4504 647 4569 407).
682 4503 740 4554 The
758 4502 877 4554 cardinal
896 4510 923 4554 to
941 4503 1029 4555 whom
1047 4503 1094 4554 the
1112 4518 1169 4553 case
1186 4518 1238 4552 was
1258 4500 1374 4552 referred

172 4605 226 4640 was
242 4586 360 4639 Thomas
376 4587 406 4638 of
421 4586 519 4653 Capua,
532 4586 636 4638 created
653 4586 772 4638 cardinal
790 4586 873 4652 priest
890 4587 920 4637 of
934 4586 959 4638 S.
972 4585 1070 4638 Sabina
1086 4585 1121 4651 by
1133 4585 1262 4636 Innocent
1279 4584 1333 4636 III.
1345 4583 1374 4635 in

173 4672 247 4723 1198.
281 4670 327 4722 He
344 4670 470 4722 survived
487 4670 530 4722 till
543 4671 609 4721 1243
624 4669 795 4736 (Ciacconius,
809 4670 846 4721 ΙΙ.
859 4668 910 4737 36)·
947 4669 991 4721 He
1003 4686 1055 4720 was
1068 4668 1218 4735 frequently
1230 4667 1375 4720 concemed

173 4754 203 4806 in
214 4755 262 4807 the
274 4754 363 4806 affairs
374 4754 405 4805 of
419 4754 466 4806 the
478 4753 650 4820 archbishops
661 4754 691 4804 of
706 4753 835 4804 Ravenna
849 4752 973 4819 (Rubeus
987 4770 1031 4819 pp.
1044 4753 1100 4817 389,
1114 4752 1170 4816 392,
1183 4750 1254 4817 398).
