3098 5476
167 493 214 558 40
435 507 538 557 xxv.
567 507 617 553 on
646 504 876 553 nonrcrnro
905 502 1102 552 orsum.

167 667 253 732 dinis
274 688 368 732 causa
390 666 417 731 ei
441 664 623 751 superuenit
639 665 678 728 ad
702 673 845 729 mortem.
892 662 993 748 Super
1008 686 1073 749 quo
1096 685 1160 728 non
1184 662 1362 727 conscientie

167 794 264 859 quarn
279 770 363 836 fame
377 769 574 856 proponebat
589 779 644 835 etc.
662 778 697 833 ut
714 791 819 853 supra.

617 996 664 1041 na
688 996 818 1042 aonam.
843 975 922 1062 (12).
1016 986 1019 991 '

213 1154 334 1220 Abbati
344 1193 484 1220 --.
509 1153 654 1220 Ubertus
665 1151 797 1217 acolitus
809 1151 982 1216 monachus
995 1150 1178 1215 monasterii
1191 1152 1292 1216 uestri
1304 1174 1368 1237 pro·

168 1261 274 1346 posuit
288 1281 393 1324 coram
409 1258 501 1323 nobis
524 1256 609 1343 quod
625 1280 697 1320 curn
713 1255 797 1320 idem
811 1254 925 1319 ductus
947 1255 1053 1320 anime
1069 1254 1200 1320 leuitate
1223 1256 1368 1342 sagittam

168 1365 323 1431 emitteret
338 1385 473 1448 puerum
489 1360 652 1448 quondam
667 1361 702 1424 in
717 1360 819 1445 capite
834 1359 905 1425 lesit
921 1359 1054 1425 fortuito
1069 1382 1153 1427 casu.
1200 1359 1287 1425 Sane
1301 1383 1367 1425 cum

167 1468 261 1555 plene
290 1468 401 1533 salutis
432 1465 570 1531 remedio
596 1488 661 1530 nou
686 1474 861 1530 remaneret
886 1464 1055 1550 uestigium
1079 1463 1209 1530 lesionis
1238 1465 1369 1551 contigit

167 1573 254 1660 quod
269 1571 354 1637 idem
369 1594 448 1656 puer
462 1571 497 1634 in
513 1569 609 1634 aliam
624 1567 839 1655 egritudinem
855 1568 967 1633 incidit
978 1577 1009 1633 et
1024 1591 1060 1633 eo
1075 1569 1211 1654 pristine
1227 1571 1369 1635 restituto

167 1677 263 1743 saluti
285 1676 348 1741 alia
366 1674 549 1760 superuenit
564 1673 604 1738 ad
628 1683 771 1738 mortem.
818 1672 920 1757 Super
935 1695 999 1758 quo
1022 1695 1085 1737 nou
1101 1673 1294 1740 conscientie
1317 1685 1368 1739 etc.

170 1792 205 1847 ut
220 1803 327 1867 supra.

616 1900 665 1945 nr:
688 1900 820 1948 aonam.
846 1880 925 1968 (13).

214 2060 374 2146 Episcopo
388 2097 529 2124 --.
574 2056 613 2122 Β.
630 2079 750 2142 pauper
773 2057 926 2142 presbiter
942 2057 1025 2121 lator
1040 2059 1236 2142 presentium
1260 2058 1370 2122 humili

170 2166 261 2231 nobis
276 2164 470 2229 confessione
493 2161 683 2226 monstrauit
698 2160 783 2247 quod
807 2160 873 2246 ipse
888 2161 965 2225 olim
982 2161 1104 2226 ratione
1118 2163 1263 2229 custodie
1278 2185 1370 2249 quam

170 2272 204 2334 in
226 2268 354 2334 ecclesia
375 2277 480 2332 sancte
503 2264 608 2330 Marie
629 2264 668 2329 de
683 2304 814 2315 —-—
829 2264 965 2330 habebat
983 2265 1141 2351 quendam
1166 2267 1297 2354 laycum
1319 2267 1371 2354 qui

168 2372 359 2462 quibusdam
375 2371 532 2436 canonicis
554 2370 655 2455 ipsius
670 2369 796 2435 ecclesie
812 2369 984 2435 iniuriosus
999 2370 1150 2436 existerat
1165 2372 1199 2435 in
1216 2395 1371 2438 carcerem

169 2480 282 2545 ducere
296 2478 450 2541 niteretur
461 2475 515 2539 ille
529 2475 666 2539 renitens
681 2473 821 2539 eiusdem
834 2475 1020 2540 uestimenta
1031 2475 1198 2560 presbiteri
1214 2476 1371 2560 lacerauit‚

170 2580 404 2669 propterquod
428 2578 513 2644 idem
535 2578 689 2665 presbiter
711 2580 758 2643 ira
780 2587 955 2643 commotus
978 2578 1072 2642 illum
1093 2581 1199 2665 primo
1221 2580 1316 2668 alapa
1337 2601 1372 2646 ac

170 2686 284 2752 deinde
298 2684 470 2771 prostrauit
481 2683 522 2749 ad
537 2694 654 2748 terram
671 2681 733 2772 [et]
750 2681 830 2769 pede
844 2684 1006 2768 percussit.
1045 2684 1191 2749 Tandem
1203 2684 1372 2752 adueniens

172 2791 339 2856 hominurn
364 2786 537 2853 multitudo
564 2787 628 2851 fere
657 2809 714 2872 per
740 2810 839 2851 unum
866 2787 989 2852 miliare
1019 2788 1171 2854 iacentem
1195 2790 1230 2854 in
1257 2800 1371 2856 terram

170 2904 348 2978 traxerunt,
365 2893 421 2979 qui
436 2916 477 2957 ex
500 2891 628 2956 inflictis
651 2892 712 2956 sibi
728 2891 915 2957 uulneribus
931 2901 962 2956 et
976 2892 1103 2958 iniuriis
1125 2895 1270 2980 sequenti
1286 2904 1373 2961 nocte

171 3000 321 3087 spiritum
335 2997 484 3063 exalauit.
533 2998 636 3081 Super
654 3019 719 3082 quo
740 2995 900 3081 predictus
923 2997 1077 3081 presbiter
1098 2999 1271 3084 apostolice
1293 2999 1373 3066 sedis

171 3104 369 3170 clementiam
386 3101 465 3167 adiit
480 3101 585 3166 anime
608 3124 663 3165 sue
686 3100 822 3165 salutare
836 3101 1005 3166 consilium
1021 3102 1179 3188 petiturus
1202 3113 1259 3170 etc.
1279 3127 1374 3191 usque

172 3232 237 3275 non
261 3207 451 3294 permittatis
478 3205 580 3270 eidem
604 3206 629 3270 si
655 3204 743 3269 aliud
767 3205 954 3270 canonicum
978 3208 1041 3271 nou
1065 3205 1199 3272 obsistat·
1221 3208 1302 3274 circa
1326 3209 1374 3274 sui

171 3313 389 3380 executionem
404 3310 498 3375 officii
513 3309 554 3375 ab
569 3310 677 3395 aliquo
692 3319 748 3373 etc.

619 3538 667 3582 nn
690 3537 821 3584 nonam.
848 3522 927 3602 (14).

217 3697 339 3761 Abbati
355 3735 494 3760 —.
541 3695 593 3758 Ex
618 3706 723 3759 tenore
747 3694 923 3758 litterarum
941 3706 1118 3759 uestrarum
1134 3706 1165 3761 et
1180 3698 1375 3764 confessione

175 3803 214 3868 Ε.
232 3800 377 3866 monachi
395 3801 491 3864 uestri
507 3800 701 3884 presentium
717 3799 826 3862 latoris
849 3799 1024 3884 accepimus
1047 3799 1133 3886 quod
1156 3824 1227 3865 cum
1245 3803 1376 3888 quidam

156 3908 262 4002 ⁴prior
277 3906 375 3971 sotius
398 3928 474 3970 suus
497 3904 683 3968 uerberibus
705 3903 785 3967 diris
808 3904 914 3988 ipsum
929 3903 1082 3989 affligeret
1096 3927 1132 3969 ac
1147 3906 1215 3971 eius
1238 3906 1376 3994 digitum

173 4011 400 4096 constringeret
425 4009 583 4091 dentibus,
608 4009 675 4094 ipse
701 4008 779 4071 dum
803 4009 872 4071 uim
894 4009 928 4071 ui
952 4007 1095 4093 legitima
1119 4007 1304 4077 defensione
1330 4035 1378 4078 re-

174 4116 314 4202 pelleret,
330 4137 395 4179 non
416 4113 553 4177 inferens
575 4113 725 4177 iniuriam
745 4111 799 4176 sed
821 4112 1019 4197 propulsans,
1035 4114 1164 4198 sanguis
1187 4113 1227 4180 de
1246 4117 1377 4182 naribus

173 4219 306 4306 predicti
329 4219 443 4304 prioris
466 4217 599 4299 effluxit,
623 4227 753 4303 propter
775 4216 861 4303 quod
888 4240 946 4281 uos
971 4218 1162 4303 prephatum
1187 4222 1377 4286 monachum

173 4333 366 4406 mouentes,
390 4324 505 4408 ipsum,
531 4323 690 4387 occasione
714 4321 877 4386 cuiusdam
903 4321 1136 4387 constitutionis
1160 4322 1244 4390 edite
1268 4336 1378 4392 contra

175 4428 345 4494 monachos
370 4427 508 4492 eiusdem
535 4427 717 4491 monasterii
742 4448 936 4511 percussores
966 4427 1144 4492 iuramento
1171 4429 1307 4512 firmate,
1333 4454 1378 4496 re·

175 4535 277 4619 cipere
299 4531 468 4617 denegatis.
514 4531 616 4617 Super
634 4554 698 4616 quo
721 4530 893 4616 prephatus
917 4531 1089 4596 monachus
1111 4532 1306 4618 supplicanit
1320 4545 1376 4601 etc.

173 4639 261 4717 Quia
273 4660 348 4703 uero
362 4660 423 4702 non
436 4636 593 4701 credimus
608 4635 647 4700 ad
664 4635 736 4700 illos
754 4636 819 4698 uim
833 4634 969 4720 predicte
985 4635 1220 4702 constitutionis
1234 4640 1376 4722 extendi,
