3098 5476
175 512 217 578 60
344 530 451 580 XLII.
479 531 530 579 DE
558 531 628 579 HIS
656 530 728 587 QUI
757 532 925 581 FERUN'I'
954 533 1084 582 LIGNA
1116 535 1209 583 ETC.

171 687 328 753 cntionem
345 688 487 752 beneficii
510 688 686 775 procedatis
701 691 782 754 circa
797 690 904 776 ipsum
919 678 1015 777 prout
1030 692 1098 757 eius
1113 692 1208 758 saluti
1226 693 1363 779 expedire

174 790 317 858 uideritis
331 801 363 857 et
377 792 613 858 ecclesiasticam
630 793 771 859 decuerit
786 794 990 860 honestatem.

713 1123 831 1191 XLII.

193 1317 251 1382 De
273 1335 347 1380 nus
370 1335 433 1393 our
456 1316 609 1381 Fnaurra
632 1316 753 1381 Lroua
774 1335 824 1380 An
848 1317 1054 1382 Hnanrrcos
1079 1316 1352 1384 Oounuaaanos.

216 1491 468 1578 Archiepisoopo
488 1489 748 1577 Rothomagensi.
795 1491 834 1556 Τ.
852 1492 958 1557 acoliti
980 1501 1083 1558 uestre
1105 1491 1239 1558 diocesis
1264 1494 1369 1559 latoris

171 1595 365 1682 presentium
381 1595 491 1681 petitio
506 1595 685 1660 continebat
696 1595 781 1681 quod
797 1618 868 1660 cum
885 1595 1016 1682 quidam
1032 1596 1160 1662 heretici
1176 1597 1211 1661 in
1228 1598 1369 1683 partibus

170 1699 386 1786 albigensibus
401 1708 624 1782 cremarentur,
637 1699 704 1785 ipse
718 1708 790 1785 post
805 1699 884 1764 alios
899 1700 1137 1766 circumstantes
1152 1701 1294 1768 existens
1309 1701 1371 1767 duo

170 1804 272 1870 frusta
291 1803 450 1890 lignorum
466 1802 507 1867 ad
527 1825 707 1869 mensuram
723 1803 854 1868 minoris
872 1803 965 1889 digiti
985 1805 1121 1890 paruula
1138 1828 1249 1871 uersus
1268 1807 1369 1892 ignem

170 1910 234 1974 iam
256 1908 480 1974 exuberantem
504 1907 536 1971 in
560 1906 660 1972 altum
684 1930 778 1994 super
797 1916 934 1972 astantes
957 1908 1097 1993 proiecit,
1113 1932 1176 1994 que
1198 1919 1309 1974 utrum
1332 1909 1371 1974 ad

170 2014 278 2099 ignem
293 2012 494 2098 peruenerint
509 2012 618 2076 asserit
633 2034 665 2077 se
687 2011 815 2095 nescire,
832 2022 862 2077 et
877 2010 954 2077 talia
969 2021 1063 2076 erunt
1077 2035 1140 2099 que
1162 2014 1188 2078 si
1208 2013 1250 2079 ad
1267 2015 1371 2100 ignem

169 2118 266 2184 etiam
289 2116 503 2202 peruenissent
522 2115 647 2179 nullum
671 2116 880 2201 prestitissent
896 2115 1048 2201 fomitem.
1101 2116 1205 2203 Super
1228 2141 1294 2205 quo
1314 2129 1368 2184 eta.

171 2222 241 2288 Nos
263 2230 369 2286 autem
392 2229 448 2285 ete.
465 2228 619 2306 quatenus
642 2220 669 2285 ei
691 2230 738 2284 est
753 2220 797 2284 ita
812 2230 842 2285 et
856 2219 935 2285 alias
959 2220 993 2284 in
1010 2229 1143 2286 mortem
1159 2222 1294 2288 illorum
1308 2247 1370 2288 non

170 2326 308 2414 prestitit
329 2324 414 2390 dioto
436 2324 487 2389 uel
511 2324 592 2389 facto
614 2346 705 2410 opem
728 2334 784 2388 aut
801 2347 928 2410 operam
953 2324 1003 2389 uel
1027 2325 1179 2406 fauorem,
1195 2327 1235 2392 de
1259 2328 1370 2392 taliam

171 2432 255 2496 iaetu
278 2430 439 2517 lignorum
460 2451 524 2493 non
549 2429 698 2514 reputetis
721 2426 856 2494 eundem
878 2428 1121 2515 irregularitatis
1142 2431 1370 2518 impedimento

171 2535 281 2602 teneri.

632 2655 679 2701 nn
701 2655 833 2702 sonan.
858 2639 916 2724 (2).
954 2668 957 2672 ⁴
984 2647 987 2651 ’

215 2814 377 2902 Episcopo
396 2851 537 2876 —-.
583 2813 684 2878 lator
697 2811 891 2898 presentium
913 2812 1005 2879 nobis
1027 2815 1175 2899 exposuit
1190 2816 1278 2901 quod
1301 2840 1370 2882 cum

170 2928 298 2986 centum
314 2917 445 3005 quidam
462 2917 589 2982 heretici
605 2915 809 2982 comburendi
826 2925 856 2982 et
872 2916 937 2982 illis
953 2917 1009 3004 qui
1028 2916 1069 2982 ad
1091 2917 1199 3005 ignem
1215 2919 1305 3007 ligna
1319 2921 1372 2987 de-

172 3024 290 3091 ferrent
304 3024 433 3089 daretur
448 3021 647 3108 indulgentia
668 3020 834 3108 generalis,
850 3020 935 3086 idem
958 3022 992 3086 in
1015 3022 1178 3109 lignorum
1193 3027 1369 3112 congeriem

172 3152 266 3217 super
281 3151 376 3216 quam
399 3125 545 3215 ponenda
558 3136 648 3191 erant
663 3148 793 3212 corpora
808 3125 1048 3192 cremandorum
1070 3127 1193 3214 lignum
1211 3130 1369 3215 quoddam

172 3234 311 3322 proiecit,
335 3256 391 3298 nec
413 3232 475 3297 fuit
497 3232 570 3317 igne
592 3239 769 3296 contactum
793 3231 912 3296 exustis
934 3231 1120 3316 corporibus
1143 3233 1368 3318 predictorum.

173 3339 276 3426 Super
291 3361 354 3424 quo
370 3360 435 3402 non
449 3335 638 3402 conscientie
653 3344 711 3400 etc.

633 3547 682 3591 nn
705 3545 837 3593 aonnu.
861 3526 919 3614 (3).

217 3706 341 3772 Abbati
374 3704 414 3770 de
447 3702 536 3787 Tela,
565 3702 770 3768 cisterciensis
805 3701 935 3769 ordinis.
1004 3702 1058 3766 Ex
1093 3712 1183 3790 parte
1218 3704 1369 3792 Stephani

174 3811 318 3878 monachi
344 3809 441 3875 uestri
468 3808 530 3872 fuit
551 3808 748 3893 propositum
774 3829 880 3872 coram
905 3807 997 3872 nobis
1023 3806 1110 3892 quod
1137 3808 1204 3894 ipse
1231 3810 1310 3875 olim
1337 3811 1369 3874 in

172 3915 347 4002 pubertatis
364 3921 505 3998 tempore
525 3934 596 3976 oum
617 3910 689 3977 aliis
709 3910 850 3997 personis
871 3911 959 3998 ligna
974 3911 1116 3997 portauit
1129 3910 1171 3976 ad
1190 3912 1297 3978 locum
1318 3915 1370 3979 ubi

171 4029 262 4086 erant
279 4017 407 4083 heretici
429 4015 644 4099 comburendi,
660 4025 690 4080 et
708 4015 841 4080 firmiter
856 4015 955 4080 credit
974 4014 1060 4101 quod
1083 4038 1143 4101 pre
1165 4017 1373 4084 multitudine

172 4125 308 4191 aliorum
335 4145 392 4187 sua
416 4144 481 4186 non
506 4128 719 4207 peruenerunt
742 4120 782 4184 ad
810 4119 924 4205 ignem.
969 4119 1098 4187 Verum
1124 4120 1201 4206 quia
1227 4145 1371 4209 processu

172 4228 324 4315 temporis
340 4225 523 4311 religionem
539 4225 698 4310 ingressus
715 4223 842 4288 accessit
857 4223 897 4287 ad
913 4223 1039 4288 ordines
1062 4224 1199 4310 petitum
1215 4236 1373 4315 estsuper

172 4334 232 4399 hoc
247 4332 287 4398 ab
302 4329 474 4417 apostolica
488 4328 559 4394 sede
582 4328 712 4393 salutari
736 4329 797 4393 sibi
812 4327 944 4393 consilio
959 4328 1131 4415 prouideri.
1176 4328 1212 4393 N
1213 4353 1248 4396 os
1264 4343 1368 4399 autem

172 4450 229 4504 etc.
246 4445 401 4524 quatenus
421 4434 448 4499 si
463 4443 509 4498 est
524 4434 568 4497 ita
583 4456 647 4497 non
664 4433 813 4518 reputetis
828 4432 1004 4519 predictum
1023 4432 1055 4498 S.
1073 4455 1113 4497 ex
1128 4433 1186 4497 tali
1202 4434 1372 4502 dumtaxat

172 4545 255 4608 iaetu
278 4542 448 4627 lignorum,
465 4538 528 4603 alio
551 4561 614 4603 non
631 4537 773 4602 obstante
795 4537 953 4619 canonico,
970 4536 1215 4622 irregularitatis
1238 4539 1372 4627 impedi·

174 4655 280 4712 mento
295 4644 405 4710 teneri.
