3098 5476
257 501 319 566 126
524 518 632 584 oxa,
661 518 778 566 oxxr.
807 519 857 566 nn
888 519 1183 568 nara1nou1o.

252 677 456 761 penitentiam
479 676 552 741 inde
572 676 720 741 dederitis
742 700 838 763 quam
860 700 918 762 pro
943 678 1052 743 maiori
1075 688 1165 764 parte
1187 679 1318 765 peregit,
1345 680 1459 765 ipsum

254 791 357 845 tamen
381 780 422 844 ad
445 803 537 845 snum
561 779 700 846 officium
722 781 885 846 restituere
907 782 1054 847 noluistis
1076 791 1205 869 propter
1227 783 1314 869 quod
1338 785 1460 848 iterum

253 896 377 949 coactus
392 896 438 950 est
452 884 493 949 ad
511 884 615 949 sedem
632 885 835 971 apostolicam
853 885 1004 951 laborare.
1050 887 1084 950 N
1086 909 1119 952 os
1141 897 1245 951 autem
1261 889 1458 974 paupertati,

254 989 415 1054 laboribus
437 999 469 1054 et
486 991 631 1075 expensis
654 990 753 1075 ipsius
775 991 998 1076 compatientes
1021 991 1205 1056 auctoritate
1226 991 1351 1056 domini
1376 1015 1459 1078 pape

252 1093 358 1180 ipsum
380 1093 420 1158 ad
446 1117 504 1159 uos
526 1093 678 1158 duximus
708 1093 930 1159 remittendum
954 1104 1056 1160 uestre
1082 1095 1281 1181 prouidentie
1307 1097 1459 1161 commit-

251 1205 352 1263 tentes
374 1207 529 1284 quatenus
551 1198 745 1263 considerato
768 1197 846 1284 quid
873 1198 972 1280 liceat,
995 1198 1073 1285 quid
1100 1198 1248 1285 expediat
1271 1222 1345 1264 cum
1370 1200 1457 1265 dicto

251 1303 293 1367 A.
322 1311 418 1388 prout
447 1311 478 1367 et
505 1302 568 1368 uite
600 1303 747 1367 meritum
774 1303 912 1388 exegerit
935 1312 965 1367 et
988 1302 1184 1368 honestatem
1210 1304 1457 1370 ecclesiasticam

247 1406 385 1471 decuerit
407 1406 535 1472 faciatis

794 1632 908 1699 CXX.

591 1824 647 1888 Dr:
671 1824 911 1889 Mararnonro
934 1823 1107 1890 Srnpnrcr.

295 1999 454 2084 Episcopo
469 1999 645 2066 Leodiensi.
691 2000 814 2066 Clerico
831 2010 931 2065 uestro
946 1999 1077 2065 diocesis
1092 2000 1268 2086 accepimus
1285 2001 1457 2067 intimante

258 2102 342 2188 quod
354 2125 426 2166 cum
438 2141 568 2152 ——
580 2103 743 2168 mulierem
756 2103 817 2169 sibi
827 2103 1101 2168 matrimonialiter
1109 2104 1295 2189 copulasset,
1307 2116 1456 2190 parentes

252 2206 381 2271 tandem
396 2207 538 2272 mulieris
561 2207 699 2272 eiusdem
717 2210 801 2294 ipsos
824 2231 864 2272 ex
887 2208 988 2272 liuore
1010 2230 1104 2294 quem
1120 2219 1328 2293 conceperant
1343 2220 1456 2274 contra

253 2333 304 2375 eos
319 2311 404 2396 quod
419 2311 577 2397 spirituali
593 2335 626 2376 se
641 2312 837 2377 fraternitate
852 2313 1078 2397 contingerent,
1094 2334 1201 2377 coram
1213 2311 1273 2377 loci
1290 2313 1456 2380 ordinario

250 2413 442 2498 detulerunt,
459 2416 514 2502 qui
537 2417 670 2501 cognitis
692 2439 783 2480 cause
806 2416 925 2481 meritis
947 2415 1151 2509 diffinitiuam
1175 2439 1233 2502 pro
1249 2418 1456 2484 matrimonio

253 2521 439 2584 sententiam
455 2521 678 2606 promulgauit.
717 2521 845 2588 Verum
860 2543 899 2584 ne
915 2519 992 2606 quid
1007 2521 1125 2585 cautele
1140 2520 1269 2603 deesset,
1282 2529 1352 2585 tam
1363 2521 1456 2587 cleri-

253 2646 308 2688 cus
332 2622 492 2708 predictus
515 2647 612 2711 quam
636 2647 870 2689 —uxor
894 2624 961 2689 eius
985 2624 1066 2689 sedis
1090 2624 1259 2709 apostolice
1283 2626 1456 2690 consilium

253 2727 474 2813 implorarunt,
497 2730 523 2793 si
548 2738 691 2814 pretextu
716 2728 883 2794 delationis
909 2727 1090 2793 huiusmodi
1118 2750 1213 2814 quem
1238 2751 1294 2793 nec
1316 2729 1355 2794 ad
1382 2753 1455 2796 con-

253 2831 414 2896 scientiam
444 2831 556 2897 iudiois
587 2832 731 2918 probatio
761 2833 902 2918 pertulit,
933 2856 989 2897 nec
1020 2833 1054 2896 in
1084 2855 1193 2898 eorum
1225 2835 1456 2899 conscientiam

254 2936 426 3020 probabilis
463 2937 574 3001 intulit
607 2937 826 3019 coniecturam,
857 2937 1001 3002 subtrahi
1035 2936 1145 3002 debeat
1176 2936 1263 3023 quod
1301 2938 1456 3003 debeatur

253 3041 324 3104 usui
347 3041 458 3126 copule
481 3041 643 3106 maritalis.
690 3042 777 3119 Quia
801 3064 875 3106 uero
896 3051 927 3105 et
950 3041 1068 3105 factum
1091 3052 1121 3106 et
1146 3040 1219 3105 facti
1244 3042 1455 3107 circumstan-

253 3146 314 3210 tias
351 3145 484 3230 pleniori
520 3169 575 3211 uos
609 3145 765 3210 credimus
798 3145 1042 3232 apprehendisse
1076 3146 1188 3210 notitia
1223 3147 1455 3212 committimus

254 3258 408 3335 quatenus
431 3251 456 3314 si
480 3251 639 3335 premissis
662 3251 776 3314 ueritas
799 3250 990 3334 suffragatur
1012 3259 1043 3314 et
1065 3248 1154 3314 aliud
1177 3249 1367 3315 rationabile
1391 3275 1455 3317 non

255 3354 395 3437 obsistat,
411 3354 533 3439 prefato
555 3391 687 3402 —-
709 3364 739 3418 et
756 3355 847 3419 uxori
870 3355 936 3418 eius
959 3353 1194 3440 circumspectio
1210 3364 1317 3419 uestra
1332 3354 1455 3420 denun-

253 3459 312 3522 ciet
327 3458 413 3544 quod
436 3468 565 3544 propter
580 3458 719 3545 predicta
738 3481 793 3522 nec
815 3457 961 3544 impediri
984 3457 1076 3523 debet
1090 3458 1212 3523 exactio
1228 3481 1284 3522 nec
1299 3460 1455 3524 retardari

254 3563 370 3627 solutio
385 3562 483 3627 debiti
499 3562 683 3649 coniugalis.

729 3721 981 3731 ————-

786 3871 918 3938 CXXI.

251 4067 309 4131 Ds
338 4067 574 4130 Marnrnoruo
602 4084 642 4129 ru
672 4066 824 4144 Quaero
852 4083 896 4128 ΕΤ
924 4065 1067 4143 Qururo
1097 4064 1453 4130 Oousnuoururrarrs

661 4169 794 4235 Gannu
817 4169 1040 4234 Conraaoro.

296 4346 543 4432 Archiepiscopo
558 4345 732 4430 Ragusino.
779 4344 969 4429 Significasti
993 4366 1048 4428 per
1064 4344 1184 4409 litteras
1207 4343 1364 4429 quosdam
1379 4366 1452 4409 con-

251 4452 334 4516 ciues
358 4462 477 4516 uestros
499 4451 532 4514 in
551 4449 701 4513 distantia
723 4450 828 4534 quarti
851 4461 881 4513 et
902 4448 1007 4534 quinti
1029 4448 1146 4534 gradus
1169 4449 1451 4534 consanguinitatis

249 4555 310 4620 sibi
334 4555 375 4620 ad
398 4556 533 4619 inuicem
556 4554 723 4618 attinentes
747 4552 905 4638 sponsalia
927 4552 1127 4618 contraxisse.
1175 4551 1258 4616 Sane
1281 4551 1355 4616 talis
1377 4575 1450 4617 con-

248 4662 351 4725 sueuit
375 4659 483 4745 regula
509 4658 578 4722 dari
606 4668 641 4722 ut
665 4681 735 4722 cum
761 4657 801 4721 de
827 4656 984 4742 graduum
1010 4656 1160 4721 distantia
1183 4657 1330 4742 queritur
1353 4666 1450 4742 quotu
