3098 5476
237 578 397 642 nxxrv„
426 578 1062 628 nxxv.nnnxcoauuuronr1s
1212 564 1253 630 87

568 826 745 895 uxxrv.
775 808 786 832 ‘

43 1096 48 1103 Ι
81 1019 141 1084 Dn
163 1019 491 1085 Exoouuunronnrs
513 1038 554 1083 ΙΝ
576 1019 731 1084 Gnuxan
754 1020 923 1084 Paornna
947 1019 1102 1085 (luuram
1124 1040 1230 1089 sunu.

96 1194 222 1260 Abbati
236 1232 377 1259 —.
415 1193 637 1259 Intelleximus
654 1216 709 1280 per
719 1194 840 1260 litteras
855 1203 975 1260 uestras
990 1195 1029 1260 ad
1047 1196 1151 1262 sedem
1164 1196 1256 1262 desti-

50 1307 145 1364 natas
168 1297 254 1384 quod
278 1298 317 1362 F.
334 1306 365 1362 et
387 1298 426 1362 P.
443 1297 586 1362 monachi
608 1298 705 1363 uestri
729 1298 847 1363 abone
871 1300 1020 1365 memorie
1042 1299 1258 1387 predecessore

51 1412 161 1468 uestro
176 1402 376 1488 exigentibus
398 1401 501 1488 culpis
523 1402 588 1467 suis
608 1403 942 1468 excommunicationis
957 1403 1086 1469 uinculo
1101 1404 1256 1489 innodati,

51 1506 265 1573 absolutionis
280 1506 431 1571 beneficio
443 1529 505 1572 non
518 1504 642 1592 adepto,
652 1507 685 1570 in
697 1506 881 1572 sacerdotali
897 1507 1008 1572 ordine
1024 1508 1255 1578 ministrarunt.

52 1611 184 1679 Verum
209 1634 281 1675 cum
305 1609 399 1674 iidem
423 1609 488 1675 sint
509 1632 528 1674 a
550 1610 643 1676 uobis
665 1611 705 1676 ab
728 1612 1051 1677 excommunicatione
1075 1614 1144 1698 ipsa
1166 1614 1257 1680 iuxta

55 1715 194 1781 formam
217 1714 343 1780 ecclesie
364 1714 500 1780 absoluti
524 1737 560 1780 ac
582 1714 724 1780 iniuncta
746 1715 790 1779 eis
816 1715 989 1800 penitentia
1010 1717 1050 1781 ab
1075 1720 1259 1785 executione

54 1819 151 1885 officii
167 1818 324 1884 duxeritis
339 1817 584 1904 suspendendos,
594 1818 698 1884 sedem
712 1841 770 1904 pro
785 1819 863 1904 ipsis
878 1819 1042 1886 humiliter
1057 1822 1258 1908 supplicastis

55 1932 92 1999 ut
107 1946 205 2011 super
219 1923 403 1988 executione
418 1922 512 1988 officii
527 1946 600 1988 cum
612 1921 651 1987 F.
664 1923 702 1987 P.
716 1931 747 1988 et
762 1924 800 1987 P.
814 1921 889 2011 [uic]
907 1925 962 2010 qui
978 1936 1107 2011 propter
1122 1927 1258 1991 infirmi-

55 2037 154 2094 tatem
178 2027 448 2114 adapostolicam
471 2026 575 2092 sedem
599 2026 741 2092 laborare
763 2050 827 2093 non
851 2037 983 2113 possunt
1004 2029 1153 2097 dominus
1176 2055 1258 2118 papa

27 2139 30 2142 ’
56 2130 302 2198 misericorditer
316 2130 520 2217 dispensaret.
566 2130 656 2210 Quia
670 2154 746 2196 uero
765 2132 994 2217 irregularibus
1016 2135 1072 2220 qui
1095 2158 1259 2202 conuersa-

55 2237 137 2325 tioni
152 2235 280 2322 publice
294 2235 526 2302 subtrahuntur
538 2236 571 2299 in
583 2235 701 2301 talibus
717 2236 823 2301 minus
838 2236 976 2301 scandali
992 2241 1157 2305 consueuit
1171 2241 1259 2324 oriri,

56 2340 244 2415 auctoritate
258 2339 380 2405 domini
396 2362 478 2426 pape
491 2339 719 2405 committimus
734 2350 890 2426 quatenus
905 2341 1053 2426 predictis
1069 2343 1108 2409 F.
1122 2353 1152 2409 et
1168 2345 1206 2410 P.
1219 2345 1259 2410 ad

57 2453 183 2530 tempus
206 2454 302 2531 prout
316 2442 465 2530 expedire
486 2443 630 2510 uideritis
653 2444 751 2509 insui
773 2444 869 2510 officii
892 2447 1097 2531 suspensione
1119 2449 1259 2532 retentis,

58 2547 187 2615 demum
202 2548 229 2613 si
244 2548 322 2613 alias
337 2556 393 2613 etc.
411 2570 511 2633 usque
525 2547 712 2613 admittatis.

584 2860 737 2929 LXXV.

62 3053 117 3118 Da
140 3072 186 3118 no
209 3071 272 3129 cm
297 3051 584 3118 Oouuunrcavrn
600 3052 928 3119 Excouuonrourrs
943 3074 968 3118 A
984 3055 1133 3122 Domino
1149 3058 1261 3143 Pseu,

333 3175 378 3220 ar
400 3154 651 3221 Paouovnrua
675 3176 749 3221 nou
772 3157 994 3224 Ansonunus.

104 3348 411 3436 Episcopo—.
435 3348 475 3414 G,
485 3348 639 3434 presbiter
649 3348 730 3412 lator
738 3350 930 3435 presentium
942 3351 1033 3416 nobis
1044 3351 1207 3418 humiliter
1217 3364 1263 3420 est

62 3453 222 3520 confessus
237 3452 327 3539 quod
339 3453 406 3538 ipse
421 3452 553 3518 acolitus
569 3452 645 3517 olim
662 3452 799 3518 existens
814 3453 975 3539 quondam
992 3456 1031 3520 L.
1044 3457 1262 3523 Varmatiensi

62 3558 207 3646 episcopo
217 3557 402 3622 auctoritate
417 3556 589 3643 apostolica
600 3557 935 3624 excommunicationis
951 3560 1078 3626 uinculo
1090 3562 1262 3646 innodato,¹

63 3663 137 3749 quia
163 3684 237 3727 cum
262 3661 401 3726 exercitu
426 3660 583 3726 hostiliter
609 3661 785 3726 intrauerat
811 3663 994 3746 marchiam,
1018 3664 1168 3731 adherere
1192 3690 1264 3753 pre-

63 3766 200 3854 sumpsit
213 3774 245 3830 et
259 3763 448 3851 aliquandiu
464 3765 582 3830 mansit
597 3765 630 3828 in
648 3765 715 3851 ipso
738 3766 877 3831 exercitu
900 3768 996 3831 simili
1014 3772 1263 3836 excommunica·

63 3871 147 3937 bone
161 3870 270 3956 ligato,
280 3877 317 3933 ut
332 3869 392 3934 sibi
409 3869 580 3934 necessaria
593 3870 657 3934 uite
672 3870 846 3955 acquireret
858 3871 892 3934 in
904 3870 1013 3936 eodem
1025 3896 1088 3938 non
1103 3874 1265 3942 bellatoris

61 3997 171 4062 gerens
185 3974 324 4039 officium
338 3973 390 4038 sed
406 3973 513 4039 citeris
531 3971 588 4062 [?],
598 3985 629 4038 et
641 3973 845 4058 postmodum
860 3976 936 4039 iuris
951 3975 1082 4061 ignarus
1097 3978 1139 4043 ad
1154 4003 1265 4046 omnes

62 4102 165 4146 sacros
187 4077 313 4143 ordines
335 4087 382 4142 est
399 4086 564 4164 promotus
586 4088 617 4142 et
633 4078 728 4164 longo
750 4088 892 4164 tempore
916 4080 1110 4146 ministrauit
1127 4083 1159 4147 in
1175 4085 1263 4170 ipsis,

54 4183 269 4251 absolutionis
292 4183 440 4246 beneficio
456 4204 519 4247 non
535 4183 674 4247 obtento.
720 4183 866 4247 Tandem
888 4184 990 4270 ipsius
1012 4186 1192 4271 ignorantia
1207 4211 1265 4274 per

63 4287 192 4353 alterius
214 4287 353 4352 reuelata
375 4285 589 4372 prudentiam,
605 4286 732 4372 culpam
752 4288 915 4372 propriam
938 4311 978 4352 ex
1000 4289 1103 4354 aliena
1119 4290 1265 4356 doctrina

97 4477 106 4509 ¹
117 4477 186 4531 This
197 4478 220 4530 is
231 4494 266 4529 no
279 4477 361 4529 doubt
372 4477 479 4544 Lupold
491 4494 544 4529 von
556 4477 712 4530 Schbnfeldt
724 4477 826 4544 Bishop
838 4479 868 4530 of
877 4479 990 4545 Worms‚
1003 4498 1019 4531 a
1030 4480 1152 4533 bellicose
1163 4483 1264 4548 prelate

64 4562 123 4614 nhc
143 4579 196 4614 was
215 4560 460 4614 excommunicated
478 4561 507 4612 in
527 4562 594 4612 1204
613 4562 656 4612 for
674 4561 805 4628 adhering
827 4570 854 4613 to
874 4562 969 4630 Philip
992 4563 1022 4615 of
1043 4563 1140 4615 Suabia
1163 4565 1265 4631 against

65 4640 135 4698 Otho
147 4645 200 4698 IV.
234 4644 280 4697 He
294 4644 357 4696 died
374 4644 480 4696 in1217
495 4644 647 4710 (schannat,
660 4644 735 4696 Hist.
750 4645 923 4711 Episcopatus
934 4645 1142 4713 Wormatiensis,
1156 4648 1178 4698 l.
1192 4648 1263 4712 364).

67 4727 124 4782 The
136 4729 220 4782 above
231 4745 289 4782 case
301 4729 324 4780 is
336 4728 493 4795 apparently
505 4727 688 4795 considerably
700 4729 830 4794 posterior
841 4737 868 4780 to
881 4729 927 4780 the
939 4729 1018 4780 latter
1029 4728 1096 4780 date.
