3098 5476
245 535 350 583 ovu.
380 536 430 583 Dn
459 534 656 583 PROMO'PO
685 536 710 582 A
738 536 826 584 NON
855 536 930 585 SUO
959 537 1176 586 nP1800P0.
1251 521 1315 586 115

107 691 220 754 minus
242 692 275 754 in
299 690 426 756 eisdem.
473 691 576 777 Super
598 691 715 777 quibus
737 693 859 778 petistis
882 692 910 756 ei
933 692 973 757 de
995 692 1209 758 misericordia
1231 693 1316 760 sedis

105 795 282 880 apostolice
304 795 478 861 subueniri.
537 793 608 860 Nos
632 805 739 860 autem
761 796 882 861 domini
907 819 987 882 pape
1009 806 1065 863 etc.
1090 805 1245 882 quatenus
1269 797 1317 860 in-

108 898 222 963 iuncta
244 899 272 963 ei
295 908 352 964 etc.
378 922 476 986 usque
497 899 683 965 admittatis.

659 1278 774 1345 CVII.

371 1469 428 1532 Dn
451 1469 619 1533 Puouoro
641 1488 666 1533 A
690 1489 764 1535 non
786 1489 850 1535 sno
874 1471 1057 1535 Erracoro,

157 1641 318 1729 Episcopo
347 1681 486 1711 —.
546 1646 578 1710 J.
604 1646 771 1731 presbiteri
801 1645 911 1711 latoris
940 1646 1135 1732 presentium
1161 1645 1318 1710 confessio

110 1747 294 1812 continebat
309 1750 394 1835 quod
415 1772 556 1836 egressus
571 1751 649 1815 olim
664 1749 703 1814 de
718 1760 802 1814 terra
817 1773 874 1815 sua
890 1760 920 1815 et
935 1760 1025 1837 parte
1043 1749 1234 1836 cognitionis
1257 1773 1314 1815 sue

111 1850 154 1916 ad
180 1852 334 1938 quosdam
361 1855 417 1939 qui
443 1876 516 1918 enm
541 1854 823 1939 consanguinitatis
853 1855 937 1919 linea
963 1854 1191 1940 contingebant
1217 1876 1251 1918 se
1281 1854 1316 1918 in

113 1955 293 2041 Ungariam
308 1958 479 2041 transtulit,
495 1968 526 2023 et
543 1969 581 2023 ut
598 1958 701 2024 incola
719 1959 807 2024 fieret
829 1982 884 2045 spe
905 1969 1063 2046 concepta,
1080 1981 1188 2024 omnes
1210 1980 1316 2024 sacros

112 2059 241 2124 ordines
270 2084 289 2125 a
318 2062 379 2126 loci
408 2062 573 2128 diocesano
603 2064 746 2148 suscepit.
807 2063 911 2128 Dictis
941 2073 1046 2128 autem
1074 2062 1319 2149 consanguineis

114 2166 250 2230 reuersis
271 2166 305 2229 in
320 2168 424 2251 patria
439 2166 555 2232 rediuit
570 2190 642 2231 cum
657 2167 722 2233 illis
744 2167 784 2232 ad
800 2169 929 2254 propria
944 2191 1024 2255 qnos
1040 2167 1079 2232 de
1093 2168 1198 2232 aliena
1214 2167 1318 2232 fuerat

113 2269 308 2353 subsecutus,
332 2271 523 2336 ordinatoris
550 2282 654 2336 tamen
683 2271 803 2336 litteras
834 2296 896 2337 non
925 2272 1063 2337 obmisit.
1125 2272 1252 2339 Verum
1281 2280 1319 2336 ut

114 2372 265 2438 ordinum
280 2375 507 2461 susceptionem
523 2375 706 2441 huiusmodi
722 2377 842 2441 cautele
857 2376 1076 2441 habundantia
1094 2377 1226 2458 muniat,
1243 2398 1319 2461 sup-

114 2477 248 2563 plicauit
264 2477 427 2544 humiliter
442 2502 537 2566 super
559 2480 617 2544 boc
639 2481 700 2544 sibi
723 2480 805 2545 sedis
827 2481 996 2566 apostolice
1018 2482 1121 2566 gratia
1143 2479 1318 2566 prouideri.

117 2580 201 2647 Sane
223 2584 296 2668 quia
319 2583 397 2670 quid
419 2585 485 2648 eius
508 2585 754 2649 conuersationis
777 2585 888 2649 merita
910 2586 1039 2671 exigant
1062 2609 1101 2649 ex
1126 2585 1224 2671 ipsius
1247 2607 1319 2649 con-

115 2687 291 2752 uersatione
313 2711 348 2752 ac
364 2711 471 2754 eorum
488 2712 560 2752 cum
572 2690 693 2775 -quibus
709 2700 911 2754 conuersatus
929 2699 976 2754 est
991 2691 1172 2755 testimonio
1187 2689 1319 2774 potestis

115 2790 288 2874 aduertere,
304 2793 573 2878 circumspectioni
592 2803 694 2858 uestre
715 2795 899 2859 auctoritate
914 2793 1036 2859 domini
1052 2817 1132 2880 pape
1147 2793 1320 2858 committi·

117 2919 188 2961 mus
209 2906 364 2982 quatenus
390 2898 416 2962 si
443 2920 543 2963 mores
568 2898 600 2961 in
624 2921 660 2962 eo
683 2899 833 2984 premisse
858 2898 1082 2985 supplicationi
1109 2898 1319 2984 respondeant

116 3001 221 3087 ipsum
243 3024 338 3088 super
360 3003 522 3088 premissis
544 3003 584 3066 ad
607 3002 852 3089 dispensationis
874 3005 1011 3088 gratiam
1034 3003 1219 3067 admittatis.

577 3231 625 3275 on
647 3231 780 3277 nonan.
804 3212 861 3299 (2).

160 3403 272 3469 Eleoto
295 3403 554 3490 Rothomagensi.
600 3403 653 3467 Ex
676 3414 783 3469 tenore
806 3404 983 3470 litterarum
1006 3415 1183 3470 uestrarum
1198 3413 1229 3468 et
1244 3425 1320 3467 eon-

118 3508 250 3574 fessione
274 3509 327 3575 W.
347 3510 511 3595 presbiteri
537 3511 730 3594 presentium
756 3511 918 3595 portitoris
941 3511 1116 3596 accepimus
1140 3508 1225 3596 quod
1253 3509 1320 3593 ipse

117 3615 194 3680 olim
209 3638 282 3680 cum
298 3615 435 3701 quodam
458 3616 542 3681 socio
565 3638 622 3680 suo
645 3638 737 3679 causa
752 3616 907 3679 societatis
930 3615 969 3679 ad
993 3617 1175 3700 episcopum
1191 3614 1319 3698 Sagien-

116 3743 181 3785 sem
198 3719 389 3803 aooedensn
412 3742 475 3806 quo
497 3721 578 3784 sicut
601 3721 667 3805 ipse
688 3719 812 3784 dicebat
829 3720 869 3784 ad
892 3743 994 3785 sacros
1017 3729 1083 3784 erat
1101 3719 1226 3784 ordines
1248 3741 1320 3802 pro-

118 3824 301 3907 monendus‚
317 3823 402 3889 idem
427 3825 528 3889 socius
552 3847 628 3888 suus
652 3847 708 3909 per
732 3823 885 3909 quasdam
911 3824 1006 3889 falsas
1031 3824 1151 3889 litteras
1175 3846 1254 3908 quas
1278 3845 1318 3886 ex

117 3939 207 4016 parte
236 3929 366 4014 capituli
397 3929 646 4014 rothomagensis
677 3938 894 4014 composuerat
923 3952 982 4014 pro
1012 3930 1114 4013 seipso
1141 3929 1174 3991 in
1202 3926 1320 4014 quibus

118 4057 231 4100 nomen
259 4034 327 4098 eius
351 4034 541 4100 inseruiteo
568 4033 753 4119 inrequisito
779 4043 808 4096 et
831 4033 957 4118 penitus
982 4033 1160 4098 inconsulto
1184 4031 1319 4096 eundem

118 4139 300 4225 procurauit
326 4137 366 4202 ab
393 4137 501 4203 eodem
532 4139 677 4223 episcopo
705 4137 795 4201 nullo
826 4138 930 4222 precio
962 4138 1012 4201 uel
1040 4137 1182 4222 pactione
1212 4136 1320 4222 aliqua

118 4243 303 4330 precedente
318 4241 351 4305 in
367 4241 579 4328 presbiterum
594 4243 784 4326 promoueri.
824 4241 951 4308 Verum
966 4264 1039 4305 cum
1055 4241 1160 4305 adsui
1176 4240 1321 4325 peruenit

118 4348 264 4414 notitiam
288 4347 401 4411 uitium
426 4348 459 4410 in
483 4346 666 4410 huiusmodi
692 4345 814 4411 ordinis
840 4346 1037 4430 susceptione
1060 4354 1255 4409 contractum
1278 4344 1319 4407 ab

117 4451 299 4518 executione
314 4450 413 4537 ipsius
427 4450 547 4515 ordinis
567 4450 725 4514 abstinuit
739 4460 926 4515 reuerenter.
973 4450 1075 4535 Super
1090 4473 1153 4534 quo
1169 4448 1210 4512 ad
1226 4471 1320 4534 apos-

117 4557 245 4622 tolicam
267 4555 374 4621 sedem
395 4557 521 4619 accessit
544 4555 725 4640 supplicans
751 4554 882 4619 salutari
906 4555 966 4618 sibi
990 4554 1122 4618 oonsilio
1145 4552 1318 4638 prouideri.

118 4661 187 4727 Nos
202 4660 301 4746 igitur
316 4659 501 4724 auctoritate
516 4659 637 4724 domini
654 4683 735 4744 pape
754 4660 860 4743 ipsum
875 4658 915 4722 ad
932 4682 989 4722 uos
1010 4659 1201 4721 remittimus
1218 4666 1321 4722 uestre
