3098 5476
386 547 457 598 xv.
485 548 536 594 nn
564 548 837 596 occisonrnus
864 547 1150 596 crrnnrconun.
1329 533 1371 594 23

169 719 278 772 tamen
294 708 360 772 eius
382 716 555 792 temperata
572 707 751 792 prudentia,
768 705 914 771 dextram
937 707 1115 771 uibrantem
1135 709 1203 792 jam
1226 707 1371 792 gladium

170 813 263 876 celeri
278 812 417 876 tentione
432 810 603 897 suspendit.
639 810 703 875 Sed
720 812 841 896 nepotis
857 812 993 896 impetus
1009 811 1206 876 inconsultus
1222 812 1256 875 in
1272 835 1371 877 sacer·

169 916 277 982 dotem
301 915 479 1002 predictum
498 920 685 1001 ‘prosecutus
701 924 745 979 est
764 915 873 980 mortis
896 915 1036 999 periculo
1058 924 1089 980 et
1111 915 1257 981 affectum
1282 916 1370 981 ulcis-

168 1021 311 1086 centium
335 1029 366 1085 et
391 1019 522 1084 ultionis
546 1019 702 1084 effectum.
748 1020 894 1105 Cumque
918 1022 951 1082 in
979 1019 1041 1083 hiis
1064 1020 1190 1084 salubre
1216 1030 1372 1105 peteretur

170 1125 355 1202 remedium,
372 1147 429 1188 nos
444 1123 628 1189 auctoritate
642 1123 765 1189 domini
788 1146 868 1209 pape
884 1124 987 1186 filium
1003 1124 1062 1187 sub
1078 1120 1372 1211 innocentie'gratia

170 1231 206 1292 in
222 1229 394 1314 premissis
412 1237 557 1313 nepotem
574 1227 634 1292 sub
649 1237 795 1292 consuete
814 1227 918 1292 forma
933 1228 1104 1314 penitentie
1119 1228 1240 1296 insaliis
1258 1229 1373 1294 litteris

168 1332 394 1418 comprehense
415 1332 567 1397 duximus
590 1331 793 1396 remittendos
805 1358 813 1412 3
835 1340 958 1418 patrem
973 1332 1013 1396 ab
1036 1334 1372 1400 excommunicationis

170 1437 301 1501 uinculo
315 1437 495 1502 absolutum
511 1445 613 1500 uestre
635 1436 801 1520 prudentie
817 1430 1047 1500 committentes
1063 1447 1219 1522 quatenus
1234 1439 1373 1503 conside-

169 1543 250 1606 ratis
273 1541 355 1606 facto
378 1548 408 1604 et
427 1540 501 1604 facti
523 1540 767 1604 circumstantiis
790 1540 834 1604 sic
856 1539 1100 1604 satisfactionem
1122 1553 1225 1605 uestra
1240 1542 1372 1607 circum-

169 1645 291 1732 spectio
307 1645 487 1709 moderetur
502 1643 586 1730 quod
604 1645 635 1706 in
653 1645 713 1708 isto
729 1644 888 1730 expressio
904 1644 1155 1730 uoluntatisque
1173 1646 1291 1710 motiua
1307 1670 1373 1712 esse

169 1751 278 1836 potuit
293 1749 447 1832 occisoris,
463 1749 507 1812 sic
529 1748 803 1812 animaduersione
818 1747 923 1812 debita
939 1748 1108 1833 castigetur
1123 1749 1209 1834 qnod
1232 1750 1270 1814 ad
1289 1752 1372 1837 rigo-

169 1877 238 1919 rem
255 1854 390 1917 nimium
405 1875 486 1939 pena
509 1876 571 1917 non
588 1851 726 1938 perferat
740 1875 834 1938 quem
851 1852 1008 1916 refrenata
1022 1853 1116 1938 culpa
1140 1877 1203 1918 non
1219 1854 1374 1940 produxit

169 1958 213 2024 ad
236 1968 352 2040 actum,
368 1967 400 2021 et
422 1956 526 2042 siquid
551 1957 583 2019 in
603 1957 790 2041 suffragium
812 1956 936 2021 consilii
959 1955 1051 2021 dolor
1074 1957 1242 2042 impatiens
1264 1960 1374 2025 attulit

171 2061 380 2128 moderatoris
395 2059 597 2147 prouidentia
613 2084 676 2124 non
692 2060 849 2125 excludat.

636 2289 684 2333 nn
707 2288 840 2333 nonan.
865 2268 923 2355 (3).

217 2463 377 2548 Episcopo
408 2461 642 2526 Aurelianensi.
704 2459 876 2525 Horrenda
912 2460 1081 2525 crudelitas
1119 2463 1309 2528 irruentium
1339 2466 1373 2528 in

169 2567 306 2632 scolares
338 2589 439 2652 usque
474 2564 552 2630 adeo
586 2574 702 2629 metam
736 2566 840 2655 omnis
879 2565 1086 2630 humanitatis
1123 2567 1255 2631 excessit
1289 2569 1374 2655 quod

168 2671 326 2736 dederunt
352 2670 499 2734 innoxios
531 2669 624 2734 morti
651 2680 681 2733 et
707 2678 846 2734 mortuos
871 2669 995 2732 flumini
1020 2669 1188 2736 destitutos
1213 2672 1374 2738 ordinarie

170 2776 280 2840 debito
303 2760 482 2862 sepulture
519 2773 602 2838 Sane
624 2796 697 2837 cum
712 2796 802 2838 casus
824 2774 928 2837 exitus
951 2774 1102 2858 insperati
1125 2799 1225 2839 unum
1245 2799 1285 2841 ex
1309 2777 1375 2843 illis

170 2880 293 2945 clericis
316 2881 386 2965 ripa
409 2880 559 2965 reciperet
581 2878 771 2942 seminiuum
787 2877 857 2942 dira
872 2877 1002 2942 dextera
1017 2878 1050 2943 J.
1066 2878 1180 2963 Alarg.
1200 2879 1281 2966 layci
1305 2905 1374 2967 pre-

171 2985 309 3050 sentium
325 2984 496 3070 'portitoris
519 2982 642 3065 occidit,
666 2992 697 3047 et
719 2983 747 3047 ei
770 3005 865 3068 quem
888 3004 971 3068 aqua
994 2982 1211 3049 licentianerat
1234 2986 1298 3050 uite
1322 2986 1374 3050 hic

171 3089 368 3153 inhumanus
392 3086 574 3172 hujusmodi
595 3085 725 3150 uiuendi
749 3087 908 3150 licentiam
932 3087 1106 3153 interdixit.
1152 3087 1186 3151 N
1189 3112 1249 3153 unc
1269 3090 1375 3155 oculos

171 3194 285 3280 aperit,
302 3216 386 3256 nunc
408 3189 535 3276 culpam
551 3191 694 3276 agnoscit
706 3200 740 3255 et
755 3192 902 3277 quamuis
924 3190 1074 3277 palpebre
1090 3215 1154 3255 non
1169 3195 1376 3278 precesserint

171 3296 320 3384 gressus‚¹
335 3298 390 3383 qni
415 3319 479 3361 non
501 3295 644 3382 prouidit
666 3294 754 3360 uidet
776 3304 847 3381 post
862 3317 979 3360 casnm.
1026 3295 1233 3382 Supplicastis
1249 3298 1374 3384 lapsum

171 3403 213 3467 de
229 3402 299 3466 lacn
316 3401 438 3466 miserie
453 3423 546 3486 opere
561 3400 773 3464 misericordie
789 3399 933 3464 releuari.
981 3399 1072 3464 Licet
1083 3409 1188 3465 autem
1205 3402 1269 3466 sint
1284 3403 1376 3488 culpe

173 3509 207 3570 in
225 3507 340 3592 quibus
362 3505 457 3591 culpa
478 3513 525 3569 est
546 3505 689 3569 relaxare
712 3503 897 3587 uindictam,
914 3505 990 3590 quia
1005 3513 1111 3568 tamen
1135 3516 1234 3570 mater
1249 3508 1376 3571 ecclesia

173 3635 238 3676 non
255 3609 375 3674 claudit
389 3608 594 3674 redeuntibus
614 3608 781 3693 gremium,
798 3631 859 3694 qne
874 3609 1045 3693 peccatoris
1060 3632 1193 3694 querens
1216 3610 1374 3675 redditum

173 3715 311 3803 porrigit
326 3714 468 3778 tabulam
483 3713 654 3799 penitentie
677 3712 849 3797 naufragis,
865 3713 970 3798 ipsum
989 3713 1187 3799 recipientem
1203 3714 1243 3778 de
1262 3715 1377 3780 nostris

176 3820 323 3884 manibus
349 3817 476 3903 signum
497 3817 597 3882 crucis
621 3814 662 3880 ad
687 3839 744 3881 uos
763 3816 803 3880 de
825 3817 952 3902 speciali
978 3815 1126 3882 mandato
1148 3817 1271 3883 domini
1294 3843 1376 3906 pape

174 3924 328 3988 duximus
338 3921 562 3986 remittendum
576 3930 678 3986 uestre
690 3920 855 4006 prudentie
865 3922 1095 3986 committentes
1105 3931 1258 4008 quatenns
1271 3926 1375 4009 ipsum

173 4027 550 4093 abexcommunicatione
561 4048 624 4112 qua
635 4034 764 4112 propter
777 4024 835 4090 hoc
846 4035 969 4090 tenetur
981 4027 1126 4090 astrictus
1138 4026 1229 4091 iuxta
1240 4028 1374 4093 formam

172 4132 299 4198 ecclesie
314 4130 496 4212 absoluatis,
507 4129 692 4195 mandantes
707 4128 810 4195 eidem
825 4131 884 4194 sub
899 4129 1005 4195 debito
1017 4131 1139 4216 prestiti
1156 4131 1324 4197 iuramenti
1340 4143 1376 4197 ut

175 4260 232 4323 per
246 4259 355 4301 omnes
371 4235 512 4300 ecclesias
529 4235 615 4298 illius
631 4234 690 4299 loci
707 4243 763 4299 etc.
784 4257 881 4320 usqne
896 4234 968 4299 aliis
983 4234 1021 4298 ad
1040 4242 1212 4300 terrorem.²

209 4427 219 4458 ¹
255 4445 284 4478 ro
318 4427 380 4478 rb.1
404 4429 463 4478 .25.

208 4429 364 4563 'lhidhase
375 4442 504 4576 probably
515 4511 596 4562 refers
608 4518 634 4561 to
647 4511 692 4561 the
710 4511 763 4561 riot
775 4510 803 4560 in
815 4510 931 4574 Orleans,
945 4511 1017 4561 June
1030 4510 1068 4573 11,
1083 4510 1155 4572 1251,
1170 4509 1245 4560 when
1258 4510 1304 4562 the
1315 4511 1379 4562 Pas-

174 4603 305 4647 toureaux
317 4594 424 4646 entered
442 4594 488 4645 the
500 4593 560 4659 city,
574 4593 626 4644 and
644 4594 690 4644 the
701 4593 831 4660 populace
843 4610 900 4644 rose
912 4593 1014 4658 against
1028 4592 1074 4643 the
1087 4592 1205 4643 studente
1217 4593 1269 4644 and
1281 4594 1381 4660 clergy,

175 4679 280 4744 slaying
296 4678 412 4729 themor
429 4677 562 4743 throwing
579 4677 653 4728 them
670 4677 727 4728 into
745 4677 791 4728 the
808 4677 896 4728 Loire.
930 4676 988 4727 The
1006 4676 1101 4740 bishop
1119 4675 1227 4740 escaped
1246 4677 1281 4743 by
1294 4676 1379 4743 llight,
