3098 5476
260 515 301 577 70
390 529 811 578 n11.nrsrurnwr1n
840 529 1324 580 nxoonnuwrcnrrorvrs.

258 712 313 754 sue
327 690 520 755 contrarium
537 690 699 776 ingerebat
713 713 749 756 eo
764 689 849 776 qnod
872 690 1046 754 iniuriandi
1061 689 1190 756 affectus
1212 691 1254 756 ad
1270 691 1423 755 iniuriaru
1441 721 1473 751 ι

259 795 404 880 peruenit
423 794 579 877 effectum,
596 794 789 881 snpplicauit
809 794 973 860 humiliter
988 794 1050 859 sibi
1072 804 1104 860 et
1125 795 1313 861 beneficium
1336 796 1465 861 absolu·
1486 808 1537 853 ί

258 898 505 984 tionisimpendi
517 898 802 984 etdispensationis
815 899 1078 986 ianuamaperiri.
1110 900 1179 965 Nos
1191 899 1423 986 igiturprefatu
1442 930 1447 959 ι
1472 925 1506 954 ι

258 1040 389 1050 —-
412 992 502 1067 iuxta
525 1002 660 1067 formam
684 1003 809 1067 ecclesie
830 1003 1008 1068 absolutum
1031 1002 1072 1067 ad
1096 1025 1152 1068 uos
1174 1002 1330 1069 duximus
1353 1005 1516 1068 remit-

257 1106 389 1172 tendum
414 1107 598 1171 auctoritate
622 1106 745 1171 domini
769 1129 850 1192 pape
875 1117 978 1171 uestre
1002 1106 1202 1193 prouidentia
1227 1107 1537 1173 committentes&

257 1221 413 1297 quatenus
436 1211 578 1275 iniuncta
598 1211 625 1275 ei
649 1233 708 1296 pro
730 1210 822 1296 culpe
846 1211 940 1276 modo
962 1212 1136 1297 penitentia
1158 1212 1402 1298 competentiae
1423 1236 1457 1276 eo

257 1313 298 1379 ad
315 1323 440 1400 tempus
455 1324 512 1379 etc.
530 1337 630 1400 usque
644 1314 843 1379 admittatis.l

717 1543 765 1588 na
788 1542 921 1588 nonan.
945 1523 1004 1610 (2).

302 1697 462 1783 Episcopo
484 1737 622 1762 —.
668 1697 757 1762 Sicut
779 1721 820 1762 ex
842 1698 957 1763 litteris
980 1699 1093 1764 uestris
1116 1700 1292 1785 accepimus
1315 1699 1358 1767 B.
1375 1724 1457 1786 pres-

257 1801 339 1866 biter
368 1801 402 1864 in
434 1801 622 1866 monachum
653 1801 821 1866 diaconum
852 1812 998 1888 nepotem
1028 1825 1122 1867 suum
1153 1826 1267 1868 manus
1304 1805 1459 1870 uiolentas

257 1907 363 1970 iniecit
387 1914 513 1970 etcum
541 1905 615 1970 inde
639 1929 703 1970 non
728 1906 866 1970 crederet
891 1929 923 1971 se
946 1907 1057 1991 teneri,
1081 1907 1159 1971 iuris
1186 1908 1326 1994 ignarus,
1350 1909 1458 1974 diuina

257 2009 359 2074 officia
381 1993 559 2075 celebrauit.
619 2009 722 2096 Super
743 2034 807 2096 quo
833 2033 903 2075 cum
928 2020 1058 2097 propter
1080 2020 1272 2077 senectutem
1295 2025 1326 2077 ct
1349 2011 1458 2077 debili·

257 2122 353 2179 tatem
384 2114 506 2201 proprii
536 2115 685 2200 corporis.
706 2125 841 2201 nequeat
873 2113 921 2202 [se
936 2114 1157 2204 presentare],
1187 2114 1271 2181 idem
1304 2117 1460 2202 presbiter

256 2219 339 2284 sedis
361 2218 531 2304 apostolice
553 2217 800 2283 misericordiam
824 2219 1017 2306 supplicabit
1038 2219 1247 2285 absolutionis
1270 2220 1456 2286 beneficium

256 2333 285 2387 et
319 2323 563 2410 dispensationis
600 2323 735 2408 gratiam
774 2323 835 2388 sibi
875 2323 1119 2390 misericorditer
1157 2324 1327 2410 impertiri.
1390 2326 1460 2392 Nos

257 2437 363 2492 autem
388 2437 445 2494 etc.
1408 2436 1410 2440 '

717 2568 765 2612 ns
788 2564 919 2616 nonan.
944 2548 1002 2636 (3).

301 2724 423 2790 Abbati
443 2724 482 2788 dc
496 2762 638 2789 —.
683 2725 729 2789 H.
748 2724 901 2810 presbiter
919 2725 1091 2791 monachus
1115 2736 1217 2791 uester
1233 2726 1316 2793 lator
1332 2750 1459 2813 presen-

256 2830 336 2894 tium
369 2828 485 2892 humili
516 2827 610 2893 nobis
640 2829 834 2894 confessione
866 2829 1055 2914 monstrauit
1085 2829 1171 2916 quod
1200 2828 1286 2896 idem
1316 2831 1396 2897 olim
1426 2833 1457 2896 in

257 2933 433 2999 minoribus
448 2931 613 2998 ordinibus
636 2933 825 2999 constitutus
846 2934 878 2998 in
895 2933 1049 3020 quosdam
1068 2934 1239 3000 monachos
1261 2936 1364 3001 socios
1386 2960 1458 3003 suos

257 3061 371 3103 manus
386 3037 541 3102 uiolentas
557 3037 662 3102 iniecit
673 3046 705 3102 et
718 3047 792 3102 ante
807 3038 1037 3103 absolutionem
1052 3038 1215 3103 obtentam
1231 3039 1312 3104 iuris
1326 3041 1457 3127 ignarus

256 3142 393 3228 factique
408 3142 574 3207 immemor
587 3141 628 3205 ad
644 3164 747 3206 sacros
761 3141 887 3207 ordines
903 3154 949 3207 est
964 3151 1139 3229 promotus,
1155 3143 1342 3219 ministrans
1357 3145 1457 3210 nichi-

256 3247 395 3312 lominus
417 3247 451 3311 in
473 3245 599 3311 eisdem.
656 3245 739 3310 Cum
762 3255 867 3311 autem
890 3246 930 3311 ab
953 3247 1277 3312 excommunicatione
1303 3249 1345 3313 sit
1369 3249 1458 3314 iuxta

256 3351 391 3417 formam
416 3349 541 3416 ecclesie
565 3350 739 3434 absolutus
761 3373 857 3436 super
880 3349 1113 3436 irregularitate
1137 3373 1233 3436 quam
1257 3361 1458 3418 contraxerat

202 3523 204 3527 ,
255 3455 317 3520 sibi
332 3457 423 3541 petiit
437 3479 476 3519 ex
492 3454 735 3540 dispensationis
750 3455 852 3540 gratia
867 3455 1039 3520 subueniri.
1085 3455 1154 3520 Nos
1170 3464 1276 3520 autem
1291 3479 1333 3520 ex
1349 3456 1456 3523 fauore

257 3560 313 3646 qui
342 3559 488 3645 religioni
513 3558 655 3642 debetur,
679 3558 861 3623 discretioni
886 3569 989 3624 uestre
1014 3559 1201 3624 auctoritate
1226 3557 1351 3625 domini
1378 3584 1458 3648 pape

255 3665 482 3728 committimus
504 3672 658 3749 quatenus
681 3664 822 3727 iniuncta
839 3663 900 3727 sibi
917 3663 1091 3748 penitentia
1105 3665 1295 3749 competenti
1319 3673 1351 3730 et
1366 3689 1403 3730 eo
1418 3665 1457 3731 ad

290 3854 298 3884 ¹
316 3855 445 3908 Violence
456 3855 554 3906 offered
571 3863 598 3906 to
611 3872 644 3906 an
657 3854 815 3906 ecclesiastic
824 3854 941 3907 entailed
958 3854 1216 3907 excommunication
1227 3855 1352 3908 reserved
1369 3858 1458 3910 exclu-

255 3939 340 4004 sively
352 3947 379 3989 to
391 3939 438 3989 the
450 3938 524 4003 Holy
535 3938 725 4002 See.-“ltem‚
738 3938 839 4004 placuit
850 3946 880 3989 ut
897 3938 919 3989 si
936 3937 997 4004 quis
1014 3938 1139 3991 suadente
1156 3938 1263 3990 diabolo
1281 3939 1364 4006 hujus
1381 3941 1458 3993 sacri·

255 4023 320 4088 legii
337 4030 439 4073 reatum
456 4022 569 4073 incurrit
580 4022 651 4088 quod
668 4022 697 4072 in
714 4022 839 4073 clericum
851 4022 894 4073 vel
912 4021 1071 4073 monachum
1083 4022 1214 4074 violentas
1225 4039 1320 4074 manns
1337 4024 1458 4091 injecerit

255 4106 431 4158 anathematis
442 4105 549 4157 vinculo
567 4105 699 4170 subjaceat
715 4113 742 4156 et
758 4105 848 4156 nullus
864 4105 1047 4171 episcoporum
1065 4104 1143 4156 illurn
1160 4113 1301 4172 praesumat
1312 4107 1458 4174 absolvere,

255 4190 307 4240 nisi
319 4190 412 4240 mortis
423 4198 532 4255 urgente
544 4189 669 4255 periculo,
682 4189 765 4240 donec
777 4188 920 4254 apostolico
932 4188 1083 4254 conspectui
1096 4196 1266 4255 praesentetur
1277 4197 1304 4241 et
1315 4190 1374 4257 ejus
1384 4209 1458 4243 man·

254 4273 345 4324 datum
363 4272 634 4339 accipiat.''-Concil.
652 4272 821 4323 Lateranens.
839 4272 876 4322 II.
889 4289 950 4322 ann.
964 4273 1029 4322 1139
1047 4289 1068 4323 c.
1080 4273 1120 4323 15.
1160 4272 1228 4323 This
1245 4290 1297 4324 was
1313 4275 1457 4327 confirmed

254 4357 289 4422 by
301 4356 437 4422 Eugenius
449 4356 502 4406 ΙΙΙ.
515 4363 542 4406 at
553 4356 599 4407 the
611 4355 721 4406 Council
734 4356 764 4406 of
778 4356 870 4407 Reims
883 4354 949 4420 (cap.
963 4356 1006 4412 13}
1020 4355 1048 4405 in
1061 4356 1126 4405 1148
1139 4355 1191 4406 and
1204 4373 1254 4407 was
1265 4356 1407 4410 embodied
1423 4358 1459 4425 by

255 4440 367 4491 Gratian
380 4440 408 4491 in
420 4440 467 4491 the
478 4456 562 4490 canon
575 4439 632 4503 law,
646 4439 720 4490 Caus.
733 4453 806 4488 xvir.
819 4439 850 4502 Q.
863 4439 899 4489 iv.
912 4456 933 4489 c.
947 4440 987 4489 29.
1022 4438 1104 4504 Many
1116 4455 1186 4490 cases
1197 4439 1226 4490 in
1238 4439 1285 4491 the
1297 4439 1458 4503 Formulary

254 4525 326 4576 show
338 4525 398 4575 how
410 4524 512 4588 strictly
524 4522 579 4575 this
591 4540 642 4573 was
658 4523 811 4586 construed3
830 4523 889 4573 how
902 4522 987 4573 useful
1005 4522 1028 4573 it
1039 4521 1140 4588 proved
1157 4530 1184 4573 to
1197 4522 1280 4574 check
1292 4524 1340 4576 the
1352 4525 1457 4577 endless

252 4608 402 4673 bickerings
419 4609 448 4659 ol
465 4607 623 4659 conventual
641 4607 695 4671 life,
708 4605 760 4658 and
772 4607 844 4657 what
855 4624 888 4657 an
901 4606 1048 4672 advantage
1060 4605 1115 4657 this
1127 4606 1216 4658 sacred
1229 4606 1375 4675 immunity
1387 4625 1457 4676 gave

253 4700 280 4742 to
292 4692 338 4743 the
349 4692 438 4757 clergy
450 4690 482 4741 in
491 4691 562 4742 their
574 4692 695 4757 frequent
706 4690 789 4741 broils
802 4690 867 4740 with
880 4689 927 4741 the
940 4689 1014 4755 laity.
