3098 5476
453 576 487 623 c.
514 577 565 623 nn
593 576 807 625 Pnouoms
835 577 916 624 ena
944 576 1125 626 sunnon.
1325 562 1390 626 109

190 735 312 800 ordines
339 741 466 799 tantum
492 734 610 798 habens
640 734 819 820 postmissis
845 734 970 799 duobus
999 735 1073 800 aliis
1103 759 1159 820 per
1189 735 1268 800 iuris
1298 736 1388 821 igno-

187 839 324 905 rantiam
345 861 378 904 se
405 837 478 903 fecit
500 837 540 902 ad
563 837 806 903 subdiaconatus
826 839 970 904 ordinem
993 840 1183 925 promoueri,
1204 839 1391 905 ministrans

184 942 373 1010 multotiens
395 943 429 1006 in
445 941 563 1008 eisdem
579 940 666 1031 [sio]
713 943 817 1028 Super
831 966 894 1029 quo
909 944 971 1009 sibi
985 944 1079 1030 petiit
1093 953 1150 1010 etc.
1197 944 1266 1009 Nos
1281 953 1388 1009 autem

179 1056 238 1114 etc.
267 1056 424 1134 quatenus
447 1047 589 1112 iniuncta
612 1047 641 1112 ei
665 1070 724 1133 pro
750 1047 845 1113 modo
868 1048 960 1134 culpe
990 1049 1163 1134 penitentia
1186 1049 1386 1135 competenti,
1438 1045 1440 1051 ’

176 1174 283 1238 eoque
307 1151 347 1216 ad
371 1161 496 1237 tempus
511 1160 568 1215 etc.
585 1174 685 1237 usquc
703 1174 863 1238 suspense.
909 1150 1051 1217 Demum
1065 1153 1092 1217 si
1116 1154 1197 1217 bone
1211 1154 1276 1217 uite
1292 1152 1388 1216 strerit

173 1266 209 1321 et
225 1256 480 1322 conuersationis
501 1255 630 1321 honeste
651 1256 819 1321 conferatis
842 1255 901 1321 sibi
924 1257 1049 1322 ordines
1071 1258 1299 1342 pretermissos,
1315 1279 1388 1342 per-

173 1362 347 1426 mittentes
369 1361 474 1446 ipsum
498 1359 532 1423 in
553 1361 619 1424 suis
641 1359 806 1425 ordinibus
829 1361 926 1426 libere
949 1361 1127 1426 ministrare
1149 1370 1181 1427 et
1195 1361 1236 1426 ad
1259 1360 1388 1427 altiores

168 1464 353 1530 ascendere
368 1464 438 1530 sici
453 1463 540 1528 aliud
557 1487 620 1530 non
637 1465 743 1529 obuiet
757 1464 797 1530 de
811 1466 968 1530 canonicis
983 1465 1145 1533 institutis.

649 1675 698 1720 nn
719 1675 852 1722 nonum.
876 1658 934 1743 (2).

225 1833 480 1919 Archiepiscopo
506 1869 646 1896 -—.
713 1832 751 1898 L.
779 1831 929 1897 diaconus
958 1833 1041 1898 lator
1066 1834 1260 1919 presentium
1284 1841 1388 1898 uestro

174 1937 317 2004 diocesis
341 1936 457 2000 humili
484 1936 574 2001 nobis
601 1935 795 2001 confessione
820 1938 1009 2001 monstrauit
1032 1937 1117 2023 quod
1140 1937 1225 2002 idem
1250 1937 1327 2002 olim
1351 1937 1385 2000 in

178 2042 365 2108 minoribus
387 2040 553 2106 ordinibus
575 2041 765 2106 constitutus
786 2040 827 2104 ad
850 2040 1049 2107 diaconatum
1068 2041 1249 2128 [diocesim]
1267 2042 1388 2106 Laure-

178 2156 296 2212 tanam
321 2169 355 2211 se
380 2145 572 2210 transferens
598 2168 671 2209 cum
697 2145 918 2232 episcopusin
942 2147 1117 2211 Lauretum
1144 2146 1239 2211 uellet
1261 2145 1387 2211 ordines

179 2250 352 2332 celebrare,
367 2273 425 2336 per
440 2248 599 2336 quendam
621 2250 828 2314 castellanum
843 2260 879 2313 ut
894 2273 966 2314 eum
989 2260 1188 2337 promoueret
1203 2251 1237 2314 in
1259 2250 1387 2315 subdia-

180 2378 303 2421 conum
312 2355 372 2420 sibi
388 2355 493 2419 extitit
501 2363 708 2440 presentatus,
719 2355 774 2440 qui
789 2354 990 2440 simplicitate
1005 2356 1110 2440 potius
1126 2378 1222 2441 quam
1234 2355 1389 2419 industria

181 2482 306 2526 secum
327 2459 392 2523 illis
415 2459 540 2523 miscuit
556 2460 610 2545 qui
633 2469 723 2523 erant
738 2459 779 2523 ad
802 2459 985 2524 diaconatus
1008 2460 1151 2524 ordinem
1166 2458 1386 2545 promouendi‚

184 2573 217 2629 et
231 2565 277 2629 sic
299 2563 501 2650 pretermisso
516 2562 759 2628 subdiaconatus
774 2562 885 2628 ordine
907 2564 939 2626 in
957 2563 1120 2628 diaconem
1136 2564 1199 2628 fuit
1213 2573 1388 2649 promotus,

185 2678 217 2734 et
231 2668 428 2732 ministrauit
444 2668 477 2731 in
493 2668 571 2754 ipso.
618 2667 720 2753 Super
735 2691 798 2754 quo
813 2668 895 2733 sedis
910 2669 1080 2754 apostolice
1095 2669 1175 2734 adiit
1189 2669 1389 2733 clementiam

184 2781 296 2859 petens
318 2772 380 2837 sibi
403 2771 646 2857 dispensationis
669 2773 798 2837 ianuam
820 2773 946 2859 aperiri.
996 2771 1066 2838 Nos
1090 2774 1187 2859 igitur
1205 2774 1389 2838 auctoritate

184 2877 308 2943 domini
330 2899 412 2963 pape
435 2877 526 2941 uobis
548 2877 778 2942 committimus
802 2888 957 2963 quatenus
979 2879 1006 2941 si
1029 2888 1075 2942 est
1097 2878 1142 2942 ita
1164 2878 1306 2942 iniuncta
1326 2877 1388 2942 sibi

185 2982 362 3069 penitentia
383 2982 572 3066 competenti
595 2990 625 3045 et
647 3005 683 3046 eo
706 2982 746 3046 ad
769 2991 893 3067 tempus
915 2992 1010 3069 prout
1033 2983 1181 3068 expedire
1203 2982 1348 3048 uideritis
1369 3005 1389 3047 a

184 3087 230 3152 sic
260 3087 398 3172 suscepti
431 3084 552 3150 ordinis
585 3087 767 3151 executione
801 3109 961 3172 suspens0,
994 3097 1064 3172 post
1093 3088 1121 3151 si
1153 3088 1180 3152 ei
1214 3088 1293 3152 alias
1323 3087 1388 3151 uite

186 3192 337 3256 meritum
366 3199 398 3256 et
426 3191 509 3255 fame
545 3190 764 3256 testimonium
794 3191 985 3277 suffragatur
1014 3191 1164 3277 aliudque
1201 3192 1388 3256 canonicum

186 3319 251 3361 non
289 3294 431 3377 obsistat,
462 3294 577 3360 collato
614 3296 675 3359 sibi
712 3297 772 3360 rite
806 3294 916 3361 ordine
953 3297 1153 3382 pretermisso
1183 3295 1316 3361 eundem
1346 3295 1387 3360 ad

185 3399 453 3486 dispensationem
474 3400 610 3484 gratiam
632 3398 817 3465 admittatis.

644 3611 692 3655 un
715 3611 847 3656 nouum.
872 3592 931 3680 (3).

230 3767 391 3854 Episcopo
421 3805 561 3833 ———.
623 3767 843 3833 Subdiaconus
873 3767 955 3833 lator
981 3769 1176 3854 presentium
1207 3791 1264 3832 sua
1294 3768 1387 3833 nobis

186 3871 379 3938 confossione
416 3873 606 3938 monstrauit
640 3871 725 3958 quod
763 3872 829 3957 ipse
866 3873 944 3937 olim
981 3873 1111 3936 clericus
1148 3881 1218 3936 tum
1248 3873 1387 3938 existens

187 3976 363 4041 minoribus
392 3975 560 4041 ordinibus
589 3977 800 4063 pretermissis
833 4000 865 4042 se
896 3977 970 4041 fecit
999 4001 1056 4064 per
1086 3977 1203 4042 saltum
1233 3977 1274 4041 ad
1312 3978 1386 4042 sub-

186 4080 369 4146 diaconatus
392 4080 536 4146 ordinem
560 4082 749 4167 promoueri.
807 4081 909 4167 Super
933 4105 996 4168 quo
1023 4082 1105 4146 sedis
1132 4082 1300 4167 apostolice
1326 4081 1388 4146 cle-

188 4185 338 4250 mentiam
353 4183 433 4249 adiit
449 4184 612 4249 humiliter
626 4185 808 4272 supplicans
823 4189 889 4251 eins
904 4187 964 4250 sibi
982 4186 1196 4251 misericordia
1210 4186 1385 4251 subueniri.

188 4289 256 4354 Nos
275 4299 383 4354 autem
397 4298 454 4354 etc.
471 4300 624 4375 quatenus
647 4290 788 4354 iniuncta
803 4290 831 4354 ei
843 4299 899 4356 etc.
916 4313 1015 4376 usque
1038 4311 1198 4377 suspenso.
1245 4291 1387 4355 Demum

187 4393 213 4457 si
239 4392 341 4459 eidem
364 4401 421 4459 etc.
444 4415 543 4478 usque
569 4417 632 4458 non
659 4394 813 4477 obstante,
837 4417 930 4480 super
957 4396 1130 4481 receptione
1155 4395 1304 4460 ordinum
1328 4395 1385 4460 ob-

188 4498 354 4564 missorum
372 4505 403 4562 et
417 4497 553 4562 aliorum
569 4498 751 4563 executione
773 4499 931 4564 maiorum
946 4522 1019 4563 cnm
1042 4501 1111 4587 ipso
1127 4510 1223 4585 prout
1237 4499 1386 4584 expedire

188 4601 334 4667 uideretis
349 4601 596 4666 misericorditer
610 4601 807 4687 dispensetis.
