3098 5476
376 544 467 595 xrv.
495 547 546 592 nn
574 544 848 594 oocrsoaraus
875 545 1179 611 rannaronuu.
1337 532 1376 593 21

176 701 308 788 indigne
325 702 483 767 auxilium
499 703 623 767 ecclesie
639 703 787 767 innocent
801 704 856 789 qui
873 725 940 767 eam
957 712 1024 767 tam
1038 703 1192 767 acerbiter
1206 704 1239 766 in
1256 704 1380 789 sponsis

176 805 354 889 offendunt,
369 807 445 892 quia
459 815 565 870 tamen
581 807 649 892 ipsa
664 807 749 893 quod
767 807 876 871 matris
899 817 946 871 est
961 807 1114 871 exhibens
1136 830 1200 871 non
1215 809 1381 872 consueuit

176 909 382 977 redeuntibus
408 909 551 975 claudere
574 911 742 996 gremium,
766 911 810 975 sic
836 911 946 996 recipit
969 911 1144 996 penitentes
1171 935 1250 996 quos
1277 921 1380 976 trans-

174 1037 333 1100 gressores
350 1038 432 1101 pena
446 1015 595 1101 castiget:
618 1038 691 1079 cum
708 1016 773 1079 sint
787 1015 878 1101 culpe
893 1015 927 1078 in
943 1014 1060 1101 quibus
1082 1015 1180 1101 impie
1194 1017 1334 1100 parcitur
1349 1025 1380 1080 et

176 1118 422 1185 misericorditer
438 1118 607 1184 deseuitur.
653 1119 735 1184 Sane
755 1157 885 1203 ’ff
900 1121 956 1205 qui
978 1141 1072 1183 suum
1095 1120 1276 1205 episcopum
1299 1143 1379 1185 ausu

174 1223 327 1310 sacrilego
353 1223 510 1288 interfecit
535 1223 576 1287 ad
603 1246 660 1288 uos
686 1223 725 1288 de
751 1223 879 1308 speciali
906 1223 1055 1288 mandato
1081 1223 1203 1288 domini
1231 1247 1312 1310 pape
1338 1226 1379 1289 ab

176 1328 505 1392 excommunicatione
527 1350 624 1414 quam
647 1338 776 1414 propter
798 1327 857 1392 hoc
879 1328 1053 1392 incurrerat
1076 1328 1267 1393 remittimus
1289 1330 1380 1394 uenie

174 1432 287 1497 formis
309 1432 433 1496 ecclesie
455 1433 646 1510 absolutum,
664 1430 850 1497 mandantes
873 1431 974 1496 eidem
997 1433 1080 1496 inter
1105 1432 1168 1496 alia
1191 1433 1250 1497 sub
1272 1431 1379 1499 debito

173 1537 299 1623 prestiti
315 1537 482 1601 iuramenti
497 1544 534 1599 ut
549 1559 605 1623 per
616 1559 724 1602 omnes
741 1536 873 1601 maiores
888 1536 1031 1601 ecclesias
1047 1536 1107 1600 loci
1123 1536 1157 1599 in
1173 1560 1237 1622 quo
1253 1547 1378 1602 tantum

173 1639 297 1707 facinus
312 1641 507 1727 perpetrauit
521 1638 628 1706 nudus
650 1650 681 1705 et
696 1641 905 1722 discalciatus,
922 1641 1041 1705 braccis
1063 1640 1222 1705 duntaxat
1238 1644 1377 1725 retentis,

173 1746 309 1831 corrigia
324 1745 365 1809 ad
381 1745 499 1810 collum
514 1745 621 1830 ligata,
635 1745 741 1830 uirgas
757 1745 791 1808 in
808 1745 955 1809 manibus
973 1744 1086 1828 ferens,
1099 1746 1124 1810 si
1141 1768 1246 1810 secure
1262 1748 1379 1830 poterit

173 1849 308 1929 incedat,
325 1859 357 1914 et
379 1858 451 1914 ante
475 1849 558 1914 fores
582 1849 724 1935 ipsarum
747 1848 947 1914 ecclesiarum
971 1872 990 1913 a
1014 1849 1195 1934 presbiteris
1217 1851 1375 1936 psalmum

173 1955 410 2040 penitentialem
434 1953 610 2018 dicentibus
637 1977 669 2018 se
691 1953 786 2017 faciat
807 1953 977 2030 uerberari,
1002 1953 1131 2039 quando
1153 1954 1254 2019 maior
1276 1955 1378 2020 aderit

172 2059 286 2145 populi
300 2058 481 2142 multitudo,
492 2080 585 2122 snum
596 2057 722 2144 publice
733 2057 913 2123 confitendo
926 2067 1058 2123 reatum.
1099 2057 1237 2123 Ecclesie
1246 2097 1377 2108 —

171 2172 278 2228 autem
294 2200 425 2213 -—
440 2164 529 2248 cujus
552 2163 733 2249 episcopum
749 2162 905 2227 interfecit
920 2162 1093 2227 satisfaciat
1107 2172 1330 2248 competenter,
1346 2176 1378 2230 et

171 2268 199 2332 si
222 2267 344 2354 aliquid
367 2267 496 2332 feudum
514 2267 554 2331 ab
576 2267 644 2352 ipsa
662 2266 788 2331 ecclesia
803 2267 949 2331 tenuerit
964 2266 1015 2332 uel
1031 2266 1081 2332 ins
1104 2267 1137 2330 in
1153 2290 1189 2332 ea
1204 2268 1378 2334 obtinuerit

172 2380 359 2457 patronatus
383 2372 450 2456 ipse
474 2384 505 2434 et
529 2370 596 2435 eius
620 2368 749 2435 heredes
774 2370 840 2433 illis
865 2380 1017 2455 perpetuo
1041 2371 1105 2434 sint
1129 2371 1257 2456 priuati.
1306 2373 1375 2437 Nos

171 2475 260 2539 enim
274 2499 314 2540 ex
329 2474 462 2562 predicti
483 2474 668 2539 anctoritate
684 2474 825 2538 mandati
848 2475 881 2538 ei'
899 2475 1111 2560 penitentiam
1127 2475 1327 2541 iniunximus
1342 2477 1376 2541 in

171 2580 257 2643 hunc
279 2579 430 2645 modum:
454 2588 489 2643 ut
504 2579 563 2644 hoc
578 2602 661 2644 anno
684 2587 823 2643 transeat
838 2579 922 2642 ultra
939 2602 1024 2643 mare
1047 2602 1104 2664 per
1118 2579 1374 2665 quinquennium

173 2685 206 2748 in
224 2685 370 2770 expensis
392 2683 529 2769 propriis
546 2683 603 2747 uel
618 2683 729 2748 alienis
750 2683 784 2746 in
799 2692 880 2748 terre
901 2692 1005 2748 sancte
1025 2683 1167 2748 subsidio
1183 2693 1374 2768 moraturus,

175 2798 206 2854 et
220 2790 338 2853 interea
349 2811 405 2852 nec
416 2788 546 2853 barbam
561 2788 650 2852 radat
660 2810 716 2852 nec
731 2788 862 2873 capillos
878 2787 1005 2852 tondeat
1017 2787 1071 2852 sed
1087 2787 1146 2852 hoc
1158 2788 1200 2852 sit
1211 2790 1239 2853 ei
1256 2789 1288 2851 in
1302 2813 1376 2854 con·

172 2893 330 2958 fusionem
348 2903 379 2958 et
394 2891 465 2957 aliis
489 2893 522 2956 in
541 2892 741 2978 exemplum:
764 2892 918 2957 abstineat
935 2902 1087 2978 perpetuo
1102 2892 1142 2956 ab
1157 2915 1212 2956 esu
1231 2894 1375 2958 carnium

171 2998 224 3062 die
246 3021 310 3084 qna
332 2996 509 3084 predictum
525 2997 706 3081 episcopum
722 2996 900 3061 interfecit:
924 3006 1037 3082 quarta
1053 2995 1131 3060 feria
1147 2997 1274 3062 maioris
1298 3021 1374 3084 qna-

171 3103 358 3188 dragesime,
374 3102 516 3188 qualibet
531 3110 620 3166 sexta
636 3101 723 3184 feria,
742 3100 862 3187 uigiliis
885 3102 1029 3165 omnium
1050 3100 1263 3190 ¹festiuitatum
1286 3103 1375 3167 beate

171 3207 331 3293 Virginis,
347 3205 574 3292 apostolorum,
591 3215 621 3270 et
643 3215 779 3291 quatuor
802 3205 997 3291 temporibus
1021 3206 1053 3267 in
1077 3227 1159 3290 pane
1182 3215 1213 3269 et
1235 3228 1327 3292 aqua,
1344 3216 1375 3271 et

170 3321 285 3397 quarta
311 3311 389 3375 feria
415 3310 447 3373 in
475 3310 545 3375 cibo
571 3309 837 3396 quadragesimali
867 3309 1022 3395 quamdiu
1050 3309 1168 3373 uixerit
1199 3310 1373 3375 ieiunabit:

170 3415 326 3481 abstineat
349 3437 474 3500 quoque
495 3415 632 3478 triennio
655 3436 673 3477 a
694 3414 892 3500 perceptione
915 3413 1065 3479 dominici
1088 3414 1229 3498 corporis
1253 3415 1315 3478 nisi
1339 3416 1374 3478 in

170 3520 282 3586 mortis
296 3519 430 3584 articulo
445 3518 649 3584 constitutus:
668 3519 899 3605 qninquaginta
909 3518 1032 3582 uicibus
1048 3518 1223 3582 orationem
1235 3517 1373 3583 domini-

168 3647 238 3690 cam
254 3647 326 3689 cum
340 3622 473 3688 totidem
482 3622 725 3688 salutationibus
742 3623 829 3686 beate
842 3620 989 3707 Virginis
1004 3621 1138 3706 singulis
1150 3621 1262 3687 diebus
1275 3621 1371 3687 dicat.

170 3728 268 3808 Quod
290 3737 395 3793 autern
418 3726 457 3791 de
479 3727 623 3792 ciborum
646 3735 677 3791 et
699 3726 889 3790 abstinentia
912 3736 943 3791 et
961 3726 1158 3790 orationibus
1180 3725 1301 3790 dictum
1325 3737 1372 3797 est

170 3844 276 3898 uestro
302 3831 351 3897 nel
378 3831 508 3896 alterins
535 3830 661 3895 discreti
689 3831 802 3915 prelati
833 3830 967 3894 arbitrio
993 3829 1190 3894 infirmitatis
1217 3853 1311 3895 causa
1339 3832 1372 3895 in

169 3937 258 4002 alind
274 3937 410 4003 salutare
425 3936 614 4021 obsequium
631 3935 840 4021 relinquimus
855 3933 1128 4017 committendum,
1141 3943 1173 3998 et
1187 3936 1213 3999 si
1230 3934 1372 4021 predicta

170 4043 271 4107 facere
286 4040 507 4125 contempserit
519 4049 574 4104 etc.
607 4040 658 4104 De
673 4040 734 4104 hiis
749 4050 853 4104 autern
870 4040 924 4125 qui
941 4036 1114 4103 secundnm
1126 4038 1211 4124 quod
1227 4049 1373 4103 asserunt

169 4146 243 4211 licet
264 4145 479 4211 consenserint
504 4153 538 4208 ut
560 4143 667 4230 aliqua
694 4144 847 4208 inferetur
871 4144 987 4208 iniuria
1011 4166 1173 4228 nunquam
1202 4152 1307 4207 tamen
1337 4144 1370 4207 in

169 4274 276 4316 necem
293 4251 392 4336 ipsius
414 4249 499 4313 dicto
522 4249 572 4312 uel
597 4248 679 4313 facto
702 4249 832 4313 consilio
855 4248 977 4312 auxilio
1000 4247 1051 4311 uel
1076 4247 1183 4312 fanore
1208 4249 1372 4332 prestitere

168 4378 366 4438 consensum,
394 4353 563 4440 prudentie
591 4362 693 4418 uestre
722 4353 918 4418 consulimus
945 4361 981 4416 ut
1009 4353 1161 4438 inquisita
1188 4351 1371 4436 diligentius

168 4461 301 4524 ueritate
326 4460 407 4523 circa
433 4481 484 4522 eos
511 4467 607 4543 prout
631 4459 814 4521 inueneritis
843 4459 874 4520 in
899 4457 993 4542 culpa
1015 4456 1192 4542 procedatis
1217 4456 1249 4519 in
1277 4478 1369 4540 pena,

168 4574 328 4629 seruantes
349 4563 400 4627 nel
421 4571 600 4647 reparantes
623 4584 681 4646 pro
699 4562 851 4647 qualitate
870 4571 900 4626 et
915 4562 1091 4646 quantitate
1113 4569 1216 4624 reatus
1236 4559 1371 4624 formam

171 4669 344 4755 penitentie
359 4668 584 4752 suprascripte.
