3098 5476
171 473 213 534 42
377 486 578 536 xxv1.nu
608 487 813 535 susrncuo
842 487 893 534 ou
922 486 1169 536 uourcrnlo.

169 644 261 730 cipiti
279 644 358 710 alios
372 644 566 730 preuenisset
580 644 745 709 brachium
761 644 839 710 adeo
853 644 983 710 cultello
997 644 1096 710 allisit
1111 668 1208 731 quem
1223 645 1360 712 diaconus

163 750 205 812 ,in
220 746 412 814 defensionis
427 747 600 812 remedium
617 748 831 834 pretendebat,
847 747 933 835 quod
950 747 1034 813 infra
1048 747 1116 815 dies
1131 773 1189 815 xv.
1202 750 1360 835 expirauit

171 853 274 939 Super
288 875 351 939 quo
366 875 431 917 non
446 852 634 918 conscientie
648 851 716 918 etc.¹

699 1127 842 1196 XXVI.

295 1320 352 1384 Du
376 1338 421 1384 uo
443 1339 506 1396 om
530 1319 712 1384 Hanarun
735 1320 931 1385 Suspucuus
955 1340 1003 1385 oa
1026 1321 1253 1387 Honssonuo.²

215 1496 374 1589 Episcopo
389 1534 530 1558 --.
577 1492 686 1559 Habet
704 1494 763 1560 hoc
785 1494 896 1560 relatio
910 1535 1042 1546 --
1057 1496 1161 1561 clerici
1178 1500 1366 1583 presentium

169 1600 333 1686 portitoris
351 1598 437 1685 quod
461 1600 527 1685 ipse
550 1621 622 1662 cum
638 1597 710 1663 aliis
731 1598 992 1665 christifidelibus
1014 1601 1048 1664 in
1063 1600 1280 1687 albigensium
1295 1603 1368 1668 obsi·

168 1704 263 1770 dione
280 1704 448 1790 persistens
463 1701 620 1788 quendam
638 1702 768 1768 illorum
782 1726 802 1767 a
817 1704 969 1769 sotiorum
990 1715 1057 1769 cetu
1082 1706 1253 1771 casualiter
1269 1706 1368 1772 diuer-

168 1817 288 1873 tentem
303 1808 449 1889 detinuit,
465 1831 529 1873 non
546 1807 712 1872 intendens
735 1809 840 1893 ipsum
856 1810 952 1874 morti
967 1809 1051 1873 tradi
1067 1809 1118 1874 uel
1134 1833 1175 1874 ex
1191 1810 1367 1877 detentione

168 1912 353 1978 huiusmodi
372 1913 530 1976 incurrere
545 1902 671 1976 causam
688 1913 808 1995 mortis,
825 1936 919 1998 quem
934 1913 1063 1999 quidam
1080 1914 1135 1978 alii
1151 1914 1260 1981 subito
1276 1915 1367 1980 addu-

167 2027 271 2082 centes
288 2015 430 2081 eundum
446 2027 482 2080 ut
497 2014 622 2080 audiuit
636 2016 839 2101 postmodum
857 2016 1047 2094 occiderunt,
1064 2019 1134 2103 ipso
1150 2019 1184 2083 in
1201 2019 1368 2106 albigensis

169 2131 303 2187 mortem
319 2120 432 2207 prefati
448 2144 513 2186 non
528 2119 623 2185 dante
637 2143 729 2207 opem
745 2121 796 2185 uel
812 2143 951 2206 operam,
963 2121 1131 2187 consilium
1150 2123 1203 2188 uel
1220 2124 1366 2190 fauorem.

168 2225 270 2311 Super
285 2249 349 2312 quo
371 2234 427 2289 etc.
474 2224 561 2304 Quia
577 2247 652 2289 uero
674 2223 713 2288 de
736 2224 819 2290 facto
842 2234 899 2290 etc.
916 2248 1016 2311 usque
1038 2249 1103 2291 non
1121 2228 1274 2314 reputetis
1296 2252 1367 2293 eun·

167 2329 240 2394 dem
256 2353 296 2395 ex
311 2329 473 2416 premissis
489 2328 731 2414 irregularitatis
748 2329 975 2416 impedimento
990 2331 1099 2397 teneri.

685 2625 851 2693 XXVII.

272 2818 330 2881 Da
353 2836 398 2882 ao
420 2835 483 2893 our
506 2816 669 2881 Dunrrsr
691 2836 772 2882 assu
794 2818 984 2882 Homerus
1007 2837 1081 2883 ouu
1104 2837 1180 2883 uon
1203 2838 1268 2886 sm.

214 2993 374 3080 Episcopo
400 2991 572 3056 Brixiensi.
619 2991 741 3057 Audita
766 2993 960 3060 confessione
985 2992 1025 3059 G.
1050 2993 1237 3061 subdiaconi
1265 2996 1369 3061 latoris

169 3097 364 3185 presentium
379 3096 579 3183 prouidentie
595 3106 697 3161 uestre
718 3097 946 3162 committimus
964 3106 1120 3183 quatenus
1142 3099 1170 3164 si
1193 3100 1239 3164 rei
1258 3100 1370 3165 ueritas

171 3204 216 3268 sio
237 3202 380 3268 sehabet
394 3210 490 3288 prout
505 3201 684 3266 continetur
703 3200 736 3264 in
752 3201 867 3266 litteris
882 3200 1012 3267 domino
1027 3225 1108 3288 pape
1124 3205 1255 3270 nomine
1270 3213 1370 3270 uestro

171 3307 335 3389 exhibitis,
351 3329 430 3392 quas
446 3304 487 3370 ad
502 3305 657 3370 cautelam
673 3305 733 3370 sub
748 3306 854 3392 sigillo
870 3316 979 3372 nostro
994 3306 1085 3371 uobis
1099 3308 1304 3392 remittimus,
1320 3307 1371 3373 de-

165 3412 328 3476 nuncietis
350 3410 527 3497 predictum
542 3409 583 3474 G.
601 3432 640 3474 ex
656 3409 794 3496 hiisque
809 3411 873 3474 iam
889 3410 970 3474 dicte
985 3411 1089 3476 littere
1104 3413 1270 3478 continent
1286 3423 1370 3478 reatu

173 3515 339 3582 homicidii
355 3539 419 3579 non
434 3515 533 3578 teneri
550 3524 579 3578 et
596 3513 719 3577 nullam
735 3514 975 3600 irregularitatis
991 3515 1145 3580 maculam
1163 3516 1342 3584 incurrisse.

634 3725 682 3769 nn
704 3725 836 3772 sonant.
860 3707 917 3793 (2).

218 3864 377 3951 Episcopo
401 3862 602 3927 Grossetano.
655 3861 763 3926 Guido
787 3862 941 3946 presbiter
968 3862 1051 3928 lator
1075 3864 1274 3949 presentium
1301 3887 1371 3951 pro·

172 3970 280 4057 posuit
302 3991 407 4033 coram
430 3967 521 4032 nobis
544 3965 629 4052 quod
652 3988 688 4031 eo
710 3975 746 4030 ut
768 3966 864 4031 moris
886 3967 1006 4031 eratin
1028 3967 1143 4032 letania
1165 3968 1279 4034 maiori
1302 3968 1372 4056 pul·

208 4161 255 4212 1A
267 4160 417 4227 significant
427 4165 596 4224 counterpart
607 4158 637 4208 of
651 4158 706 4209 this
722 4158 888 4210 remarkable
905 4159 984 4210 series
996 4159 1026 4209 of
1042 4157 1172 4210 “casuaP'
1187 4159 1335 4213 homicides
1351 4160 1372 4211 is

172 4255 201 4299 to
213 4246 245 4297 be
256 4243 339 4296 found
351 4243 380 4293 in
391 4261 408 4294 a
418 4242 489 4294 brief
497 4243 527 4293 of
536 4242 665 4293 Innocent
676 4242 727 4293 IV.
735 4242 764 4292 in
776 4242 841 4292 1243
854 4242 881 4291 in
890 4241 978 4293 which
991 4241 1026 4294 he
1036 4249 1157 4294 recounts
1169 4242 1231 4294 how
1242 4244 1290 4296 the
1301 4243 1372 4296 clerk

170 4330 248 4383 John
260 4329 292 4380 de
304 4326 430 4379 Amblevi
442 4325 627 4392 accompanied
639 4325 682 4376 his
694 4325 816 4377 brothers
827 4325 856 4377 in
868 4343 921 4376 war
933 4325 1036 4391 against
1047 4343 1063 4377 a
1073 4325 1205 4392 neighbor
1217 4327 1270 4379 and
1288 4327 1317 4379 in
1329 4327 1372 4379 the

171 4412 255 4466 mele'e
266 4411 355 4463 struck
365 4410 442 4461 down
454 4409 519 4461 with
532 4426 547 4460 a
559 4408 666 4460 wooden
678 4409 741 4459 staff
748 4426 798 4460 one
809 4410 839 4460 of
854 4409 900 4460 the
911 4426 1006 4475 enemy
1017 4409 1077 4461 who
1089 4427 1141 4461 was
1158 4410 1309 4478 thereupon
1321 4411 1372 4462 dis-

171 4496 293 4565 patehed.
322 4496 451 4546 Innocent
460 4500 550 4560 grants
562 4492 620 4543 him
632 4510 647 4543 a
658 4492 836 4558 dispensation
844 4500 871 4543 to
884 4492 948 4543 hold
960 4492 1086 4545 benefices
1097 4493 1146 4544 but
1156 4502 1204 4544 not
1215 4501 1243 4545 to
1256 4495 1371 4562 perform

169 4581 264 4633 divine
276 4578 522 4643 service-Berger,
535 4576 669 4642 Registres
679 4575 835 4627 d’Innocent
847 4576 897 4628 IV.
908 4593 934 4627 n.
947 4576 997 4627 164
1011 4577 1052 4640 (Τ.
1064 4577 1086 4627 Ι.
1099 4594 1125 4643 p.
1138 4577 1192 4640 31).

205 4664 215 4694 ¹
227 4664 292 4716 This
304 4663 439 4728 evidently
450 4663 531 4713 refers
542 4668 569 4712 to
582 4677 615 4712 an
627 4659 745 4712 incident
755 4660 784 4711 in
796 4660 842 4712 the
855 4659 1028 4727 Albigensian
1040 4659 1167 4724 eruendae,
1182 4661 1341 4713 1209-1228.
