3098 5476
159 551 304 600 XXVII.
331 551 382 598 DE
412 550 461 598 EO
490 550 561 607 QUI
590 551 775 599 DUBI'PAT
805 551 900 600 ESSE
929 552 1158 601 HOMIOIDA.
1219 538 1262 602 43

57 718 151 775 sante
162 731 331 794 campanas
345 709 598 773 tintinnabulum
610 709 777 792 cecidit,.in
789 711 878 775 cuius
893 733 966 775 casu
981 734 1146 797 percussus
1158 712 1264 777 extitit

56 837 141 901 puer
163 836 256 897 unus,
277 836 317 878 ex
340 835 403 899 qua
424 814 623 898 percussione
645 823 779 878 mortem
802 815 944 880 incurrit.
991 815 1179 902 Superque
1201 816 1262 880 sibi

58 919 155 1004 petiit
169 917 253 983 sedis
267 916 437 1003 apostolice
452 917 665 982 misericordia
680 918 854 984 subueniri.
900 919 969 984 Nos
991 928 1096 984 autem
1113 929 1169 986 etc.
1185 942 1264 1006 qua-

56 1031 155 1087 tenus
177 1022 205 1086 si
227 1021 331 1086 dietus
353 1020 437 1086 licite
459 1021 504 1086 rei
527 1044 654 1108 operam
674 1021 771 1087 dabat
786 1031 817 1087 et
832 1022 978 1087 adhibuit
993 1024 1149 1088 cautelam
1166 1047 1262 1110 quam

56 1126 182 1209 debuit,
198 1125 347 1201 scandalo
362 1149 425 1191 uon
441 1126 595 1209 obstante,
611 1148 676 1190 non
698 1127 849 1212 reputetis
871 1126 1006 1192 eundem
1022 1128 1063 1192 ob
1078 1127 1264 1193 huiusmodi

54 1253 170 1295 casum
186 1230 427 1316 irregularitatis
443 1229 668 1316 impedimento
683 1233 791 1296 teneri.
1218 1236 1220 1243 '

523 1474 572 1518 ns
594 1474 726 1541 nonum.
750 1457 808 1542 (3).

105 1647 230 1712 Abbati
250 1687 381 1697 -—
399 1646 520 1712 ordinis
541 1648 640 1712 sancti
663 1647 835 1716 Benedicti.
886 1649 939 1712 Ex
961 1659 1051 1735 parte
1073 1659 1177 1715 uestra
1200 1651 1263 1716 fuit

56 1752 261 1837 propositum
292 1774 397 1817 coram
426 1751 517 1816 nobis
546 1751 632 1837 quod
662 1775 734 1816 cum
760 1753 809 1818 M.
835 1753 1009 1818 monachus
1039 1764 1142 1819 uester
1172 1755 1264 1820 iuxta

57 1855 219 1943 quosdam
234 1879 347 1941 pueros
370 1855 517 1920 resideret
532 1878 571 1920 ex
594 1857 769 1941 improuiso
787 1857 944 1943 impulsus
966 1880 985 1922 a
1007 1858 1145 1944 quodam
1168 1883 1265 1946 supra

57 1960 224 2047 quandam
249 1959 391 2046 puellam
413 1960 544 2040 corruit,
567 1983 665 2046 quam
687 1961 734 2025 ita
755 1984 904 2026 corruens
930 1964 974 2026 sic
1000 1964 1157 2049 oppressit
1179 1965 1264 2050 quod

58 2065 148 2129 infra
163 2064 350 2129 decennium
367 2062 585 2153 [decendium]
603 2064 771 2150 expirauit.
819 2065 923 2151 Super
937 2089 1001 2152 quo
1016 2068 1139 2153 petistis
1161 2068 1264 2134 eidem

57 2169 232 2255 apostolice
254 2167 337 2234 sedis
360 2167 574 2233 misericordia
595 2169 767 2255 prouideri.
813 2169 883 2234 Nos
905 2179 1010 2235 autem
1033 2180 1090 2237 etc.
1110 2185 1264 2258 quatenus

58 2273 87 2338 si
112 2284 160 2338 est
181 2273 227 2337 ita
248 2281 280 2338 et
301 2271 390 2337 aliud
413 2273 598 2338 canonicum
622 2296 686 2338 non
705 2274 835 2338 obsistat
851 2297 916 2339 non
934 2276 1084 2361 reputetis
1106 2277 1265 2361 prefatum

58 2417 195 2428 --
209 2400 250 2442 ex
264 2376 426 2462 premissis
448 2376 690 2461 irregularitatis
708 2377 934 2463 impedimento
949 2381 1049 2444 teneri
1063 2403 1135 2444 curn
1153 2381 1186 2445 in
1202 2381 1265 2447 hiis

60 2483 131 2568 pati
146 2482 252 2567 potius
268 2480 375 2546 uisum
391 2481 433 2545 sit
448 2503 544 2567 quam
561 2482 668 2567 egisse.

525 2726 574 2770 nn
596 2726 728 2773 nonnu.
753 2707 810 2795 (4).

108 2900 268 2985 Episcopo
290 2938 431 2965 —.
479 2897 520 2966 G.
543 2898 753 2965 subdiaconus
774 2901 856 2966 lator
878 2901 1071 2986 presentium
1096 2903 1188 2968 nobis
1210 2926 1266 2968 ex-

60 3005 171 3090 posuit
186 3002 272 3090 quod
294 3026 368 3068 cum
383 3005 508 3068 timeret
523 3003 584 3068 sibi
608 3003 719 3068 mortis
734 3005 897 3070 imminere
917 3006 1095 3091 periculum
1110 3007 1265 3093 quosdam

60 3108 103 3173 de
117 3108 267 3194 progenie
288 3131 345 3173 sua
360 3109 393 3171 in
409 3116 500 3193 parte
523 3105 569 3196 [2²]
594 3107 726 3172 tutelam
744 3111 925 3195 assumpsit,
941 3120 973 3174 et
986 3109 1175 3176 aduersariis
1197 3113 1264 3177 eius

62 3212 304 3276 imminentibus
328 3213 363 3275 in
385 3211 521 3294 eosdem,
538 3234 620 3305 unus
643 3235 738 3298 quem
757 3212 911 3298 diligebat
934 3237 953 3278 a
975 3215 1063 3280 sotiis
1087 3216 1192 3281 extitit
1215 3218 1266 3280 in-

61 3316 222 3400 terfectus,
238 3316 348 3381 eodem
368 3315 408 3382 G.
425 3317 458 3379 iu
480 3324 613 3380 mortem
637 3317 724 3381 illius
745 3340 809 3383 non
832 3316 927 3383 dante
947 3341 1039 3404 opem
1061 3331 1116 3384 aut
1136 3343 1264 3406 operam

60 3420 233 3486 consilium
259 3420 309 3484 uel
340 3419 491 3485 fauorem.
536 3419 638 3505 Super
664 3444 728 3507 quo
754 3421 845 3506 petiit
871 3431 927 3488 etc.
974 3423 1043 3488 Nos
1073 3434 1179 3489 autem
1205 3434 1262 3490 etc.

60 3533 221 3611 quatenus
242 3524 270 3588 si
292 3534 339 3588 est
361 3525 405 3588 ita
427 3533 457 3588 et
479 3523 568 3589 aliud
590 3525 777 3589 canonicum
800 3549 865 3590 non
885 3526 1017 3592 obsistat
1032 3550 1094 3592 non
1112 3530 1264 3615 reputetis

60 3628 199 3694 eundem
214 3651 255 3692 ex
270 3628 431 3713 premissis
446 3628 608 3693 homicidii
625 3640 712 3694 reatu
728 3632 837 3696 teneri.

526 3874 574 3919 nu
596 3873 727 3920 nonan.
752 3855 810 3943 (5).

108 4046 140 4114 J.
157 4045 196 4112 de
212 4044 377 4130 cisternis,
393 4048 546 4112 monacho
565 4048 665 4113 sancti
680 4047 850 4114 Vallericii
866 4048 986 4114 ordinis
1007 4051 1106 4114 sancti
1121 4089 1262 4118 —.

62 4150 167 4236 Super
188 4173 225 4216 eo
250 4149 337 4237 quod
363 4151 439 4216 olim
463 4188 594 4198 —
619 4152 728 4216 abbati
753 4162 808 4217 tuo
834 4153 995 4238 quasdam
1014 4153 1123 4219 cordas
1151 4156 1264 4221 misisti

64 4256 205 4320 nesciens
227 4254 367 4341 aliquem
385 4255 651 4341 condempnatum
671 4255 712 4320 ad
736 4266 869 4321 mortem
893 4266 1010 4322 etcum
1026 4259 1102 4343 ipsis
1125 4271 1264 4344 postmo-

62 4359 144 4424 dum
166 4358 324 4425 homicida
346 4359 476 4445 quidam
498 4360 615 4445 ligatus
639 4356 745 4425 extitit
763 4371 794 4425 et
811 4361 981 4446 suspendio
1002 4363 1262 4448 condempnatus

63 4486 130 4529 non
141 4463 296 4528 credimus
312 4463 553 4549 irregularitatis
568 4464 794 4549 impedimento
804 4466 913 4548 teneri,
924 4465 1098 4532 dummodo
1110 4468 1264 4552 premissa

64 4568 210 4633 ueritatis
225 4568 405 4632 innitantur
419 4568 580 4653 suffragio,
597 4578 628 4633 et
643 4568 733 4632 aliud
749 4570 936 4633 canonicum
951 4594 1014 4635 nou
1030 4571 1170 4637 obsistat.
