3098 5476
168 481 212 545 48
236 495 408 543 111111.1)11
433 495 482 542 co
506 493 578 550 our
602 494 809 542 arroasrr
833 495 1162 545 uro.—xxx1.nn
1185 496 1363 544 usnrcrs.

712 741 834 808 XXX.

170 935 228 999 Da
251 953 296 1000 no
318 953 380 1010 our
408 934 584 999 Rmcnsrr
607 933 758 999 Cunnum
786 952 826 997 nr
854 931 902 996 Su
925 952 972 998 ur
994 934 1120 998 Arrun
1147 934 1367 999 Lrsrrnsaur.

215 1109 373 1195 Episcopo
397 1146 536 1176 —.
592 1108 765 1174 Presbiteri
789 1145 921 1155 —
945 1107 1054 1173 latoris
1080 1109 1279 1195 presentium
1303 1133 1370 1174 eon-

171 1216 264 1281 fessio
289 1201 469 1279 continebat
495 1210 581 1299 quod
611 1236 683 1277 cum
710 1211 845 1298 quedam
870 1211 984 1277 mulier
1009 1235 1082 1277 cum
1106 1236 1168 1299 qua
1192 1233 1254 1298 per
1278 1213 1371 1278 trien·

170 1321 261 1384 nium
283 1316 540 1384 consuetudinem
562 1316 675 1381 babuit
696 1316 895 1381 inhonestam
921 1316 1031 1382 fuisset
1053 1340 1112 1402 pro
1139 1317 1228 1383 furto
1250 1317 1371 1383 addicta

169 1423 350 1509 suspendi0,
373 1422 422 1488 sui
446 1421 598 1507 prodigus
624 1407 663 1486 et*
678 1444 790 1506 parcus
816 1421 902 1486 illius
930 1422 1017 1487 nisus
1043 1431 1090 1487 est
1114 1421 1147 1485 in
1173 1445 1207 1487 se
1234 1423 1372 1488 criminis

171 1539 280 1594 notam
302 1526 481 1609 transferre,
505 1535 541 1589 ut
563 1525 629 1590 eius
655 1525 809 1590 accusatio
836 1525 869 1588 in
896 1526 1130 1591 excusationem
1157 1526 1281 1592 cederet
1304 1526 1373 1591 alie·

170 1656 255 1698 nam.
302 1632 430 1700 Verum
456 1631 489 1694 in
516 1631 699 1696 consistorio
727 1629 837 1694 iudicis
864 1629 958 1695 fidem
985 1631 1197 1696 inuerecunda
1221 1632 1373 1697 confessio

170 1761 234 1803 non
265 1736 397 1818 inuenit,
420 1744 451 1799 et
477 1735 596 1798 factum
622 1742 787 1820 prosecuta
813 1733 981 1799 credulitas
1010 1735 1223 1820 apprehendit
1248 1737 1374 1802 scientia

169 1842 344 1922 ueritatem,
361 1850 391 1904 et
406 1839 450 1904 sic
467 1839 558 1903 illam
573 1837 614 1902 ad
637 1847 773 1903 mortem
790 1838 952 1924 suspendii
975 1838 1054 1904 furti
1069 1840 1217 1926 probatio
1232 1841 1372 1926 pertulit,

167 1957 201 2012 et
215 1947 248 2008 in
264 1945 324 2009 isto
339 1942 413 2009 talis
437 1943 589 2009 confessio
613 1942 811 2029 suspensioni
835 1943 875 2007 ab
898 1941 1002 2009 officio
1024 1951 1055 2008 et
1069 1944 1221 2010 beneficio
1245 1967 1373 2009 causam

168 2049 266 2127 dedit,
291 2046 375 2112 unde
402 2046 589 2112 mandatum
612 2046 724 2111 fuitei
753 2046 792 2111 ad
816 2047 943 2132 culpam
966 2056 996 2111 et
1020 2047 1110 2112 illam
1132 2071 1197 2114 non
1222 2049 1374 2114 releuauit

167 2177 188 2219 a
203 2176 294 2240 pena.
340 2153 391 2217 Ne
413 2152 511 2237 igitur
527 2150 605 2216 false
626 2149 830 2216 confessionis
854 2151 1042 2236 figmentum
1064 2174 1140 2217 uera
1157 2175 1232 2217 eum
1254 2151 1374 2218 diutius

170 2258 335 2345 punitione
356 2257 516 2341 confingat
532 2254 758 2340 [constringat]
775 2255 966 2340 supplicauit
981 2255 1144 2321 humiliter
1158 2256 1373 2323 misericordie

169 2363 231 2428 sibi
246 2362 374 2426 ianuam
389 2359 514 2446 aperiri.
560 2360 644 2424 Cum
659 2368 765 2423 autem
779 2359 821 2424 sit
836 2367 977 2424 uestrum
993 2361 1113 2445 pecoris
1134 2361 1233 2426 uestri
1249 2361 1374 2426 uultum

168 2488 345 2552 agnoscere,
363 2466 468 2550 ipsmn
482 2462 523 2528 ad
545 2486 603 2528 uos
626 2462 777 2528 duximus
799 2463 1024 2528 remittendum
1045 2466 1230 2530 auctoritate
1253 2465 1374 2532 domini

169 2594 252 2657 pape
278 2578 334 2634 etc.
358 2578 511 2655 quatenus
541 2568 738 2634 considerato
765 2567 842 2654 quid
873 2567 974 2650 liceat,
1002 2568 1080 2655 quid
1106 2568 1214 2635 deceat
1240 2580 1272 2635 et
1299 2568 1374 2656 quid

168 2675 318 2760 expediat·
338 2673 498 2759 prefatum
520 2672 732 2759 presbiterum
754 2695 827 2737 cum
849 2672 882 2735 in
906 2695 942 2738 eo
964 2673 1029 2737 uite
1053 2673 1203 2738 meritum
1226 2697 1259 2740 se
1283 2698 1374 2760 coep

170 2778 288 2844 tauerit
316 2778 425 2864 gratie,
451 2778 718 2842 conuersationem
748 2777 933 2862 preteritam
957 2777 1131 2842 redimente
1161 2777 1281 2859 futura,
1312 2780 1373 2844 alio

171 2907 236 2948 non
259 2882 403 2948 obstante
424 2882 583 2964 canonico,
606 2880 647 2945 ad
669 2880 913 2967 dispensationis
935 2882 1071 2967 gratiam
1093 2880 1280 2951 admittatis.

702 3210 845 3275 XXXI.

654 3402 711 3466 Du
728 3394 898 3468 'Mamers

221 3579 342 3644 Abbati
356 3616 496 3645 —.
542 3578 606 3642 Pro
621 3615 752 3625 ——
768 3578 865 3642 fratre
879 3616 1011 3626 —--
1026 3579 1180 3644 monacho
1196 3581 1376 3646 monasterii

174 3685 273 3750 uestri
288 3684 350 3749 fuit
361 3683 558 3769 propositum
569 3705 674 3747 coram
686 3682 778 3746 nobis
792 3681 878 3767 quod
893 3683 959 3767 ipse
974 3683 1087 3747 inerte
1102 3683 1222 3768 phisica
1234 3686 1376 3749 eruditus

176 3788 322 3876 pluribus
336 3788 426 3852 iuxta
441 3788 540 3872 ipsius
558 3787 635 3851 artis
650 3785 834 3851 traditiones
850 3786 1021 3851 medicinas
1037 3810 1109 3851 cum
1124 3787 1292 3874 diligentia
1308 3813 1378 3875 pre·

176 3894 255 3975 buit,
272 3891 345 3956 licet
361 3891 522 3955 interdum
544 3890 694 3956 contrarii
717 3900 921 3976 sequerentur
936 3900 1076 3974 euentus,
1093 3915 1129 3957 eo
1151 3891 1238 3976 quod
1262 3894 1377 3979 quibus

176 3997 309 4084 putabat
338 3994 457 4060 medele
486 3995 635 4059 adhibere
665 3995 839 4059 remedimn
868 3995 1033 4060 medicinis
1071 3997 1226 4082 perceptis
1266 3998 1378 4063 mortis

176 4101 353 4188 periculum
378 4101 586 4164 incurrerunt.
633 4100 700 4178 Qui
727 4123 799 4164 cum
825 4123 865 4164 ex
891 4099 1073 4165 huiusmodi
1099 4100 1223 4165 casibus
1253 4124 1378 4187 promo-

175 4207 272 4272 tionis
295 4228 349 4269 sue
363 4227 470 4270 casum
484 4205 649 4268 imminere
673 4227 734 4268 non
751 4204 876 4289 putauit
891 4204 1069 4287 aduersum,
1086 4204 1127 4268 ad
1142 4227 1252 4279 omnes
1276 4229 1379 4271 sacros

176 4311 303 4377 ordines
318 4318 365 4374 est
380 4317 553 4395 promotus.
600 4307 661 4373 Sed
677 4309 751 4394 quia
766 4331 999 4394 nonnunquam
1013 4308 1131 4373 diuersi
1146 4318 1250 4374 metus
1267 4311 1299 4374 in
1317 4310 1379 4374 hiis

176 4426 315 4480 mentem
329 4415 394 4479 eius
412 4414 446 4478 in
461 4414 549 4478 uaria
564 4413 724 4493 diuidunt,
741 4421 772 4477 et
787 4413 973 4478 conscientie
993 4413 1179 4498 scrupulum
1193 4413 1378 4498 iniecerunt,

175 4519 332 4605 impertiri
355 4519 415 4584 sibi
438 4518 574 4583 salutare
596 4517 763 4583 consilium
784 4517 967 4604 postulauit.
1014 4518 1101 4596 Quia
1119 4539 1195 4583 uero
1210 4517 1244 4581 in
1260 4519 1379 4584 talibus

175 4624 312 4711 pendere
337 4623 464 4688 uidetur
485 4646 526 4688 ex
553 4622 709 4687 interioris
736 4621 874 4687 hominis
901 4621 1034 4686 ueritate
1059 4620 1223 4706 iudicium,
1247 4623 1380 4687 circum-
