3098 5476
299 549 421 599 XXIV.
447 547 500 596 Dll
528 547 593 596 ms
622 547 693 604 QUI
720 547 963 597 INTERSUNT
992 546 1253 595 HOMIGIDIIS.
1334 533 1375 596 35

174 706 294 772 domus
309 706 396 772 illius
417 729 450 772 se
465 706 618 772 fratribus
637 707 702 772 suis
718 707 867 792 opposuit
881 716 912 771 et
927 729 965 770 111
980 704 1162 770 adulatione
1187 703 1242 793 [ad
1258 704 1377 770 uiolen-

175 812 257 875 tiam
267 809 296 899 ?]
315 810 518 896 procederent
533 811 708 877 interdixit.
753 811 880 878 Verum
897 809 974 875 dum
991 809 1046 874 ille
1061 833 1117 896 per
1132 809 1219 874 aliud
1231 809 1377 875 ,hostium

174 914 292 980 domus
314 916 463 1001 effugeret
478 924 509 980 et
525 915 587 979 iam
602 914 678 980 dicti
695 915 808 980 fratres
830 915 1070 1000 insequerentur
1084 913 1229 996 eundem,
1246 913 1375 1000 quidam

174 1019 262 1085 alins
282 1043 301 1085 a
324 1019 476 1084 fratribus
497 1019 646 1084 inimicus
669 1018 756 1084 illius
778 1041 818 1084 ex
840 1019 1000 1106 insperato
1015 1018 1144 1084 aduenit
1159 1028 1189 1083 et
1204 1018 1295 1104 quasi
1317 1017 1378 1082 sub

172 1123 280 1189 aliene
294 1123 408 1188 umbra
419 1134 509 1210 porte
524 1146 734 1210 prorumpens
750 1123 873 1189 facilius
888 1123 928 1188 ad
945 1123 1109 1206 offensum,
1122 1121 1261 1210 quodam
1277 1121 1377 1186 ferreo

173 1227 390 1294 instrumento
405 1229 558 1315 percussit
576 1229 689 1294 tibiam
706 1228 856 1314 fugientis
878 1237 909 1293 et
924 1227 998 1292 licet
1013 1227 1131 1292 uulnus
1154 1226 1243 1291 nulla
1265 1225 1377 1290 mortis

172 1332 269 1418 signa
283 1332 480 1418 protenderet
492 1333 731 1419 superueniente
746 1342 852 1397 tamen
864 1332 994 1398 alterius
1009 1331 1205 1396 infirmitatis
1219 1331 1376 1416 angustia,

172 1458 344 1521 percussus
365 1436 514 1522 spiritum
538 1436 710 1502 exhalauit.
757 1435 861 1522 Super
876 1459 939 1522 quo
954 1436 1118 1500 humiliter
1133 1435 1225 1522 petiit
1240 1434 1377 1499 salutare

172 1539 238 1604 sibi
255 1540 423 1605 consilium
437 1541 604 1626 impertiri.
651 1541 738 1619 Quia
754 1564 828 1606 uero
844 1540 883 1606 de
899 1541 981 1606 facto
996 1552 1027 1605 et
1042 1540 1116 1605 facti
1132 1538 1377 1604 circumstantiis

172 1653 233 1708 etc.
252 1667 351 1730 usque
366 1668 431 1710 non
447 1645 556 1710 teneri.

637 1802 685 1847 oa
708 1802 839 1848 runnu.
865 1783 922 1869 (6).

220 1935 380 2023 Episcopo
396 1937 596 2023 Legionensi.
632 1938 685 2001 Ex
698 1947 806 2003 tenore
817 1939 995 2003 litterarum
1010 1948 1185 2003 uestrarum
1200 1936 1376 2022 accepimus

171 2040 262 2126 quod
278 2064 350 2105 cum
366 2040 452 2126 apud
467 2040 628 2106 abbatiam
643 2044 742 2107 sancti
758 2041 896 2108 Mattbei
913 2043 952 2107 de
967 2042 1085 2107 finibus
1100 2051 1256 2107 terrarum
1272 2049 1377 2106 uestre

171 2144 307 2210 diocesis
325 2146 462 2232 positam
479 2145 570 2210 iuxta
585 2169 671 2211 mare
693 2147 733 2212 de
750 2147 885 2212 diuersis
908 2147 1019 2211 mundi
1036 2147 1179 2233 partibus
1202 2145 1303 2210 multa
1320 2167 1376 2209 na-

171 2249 263 2336 uigia
278 2250 440 2315 confluant
455 2260 485 2314 et
501 2249 618 2315 ibidem
635 2274 721 2316 mare
736 2252 865 2317 turbato
881 2254 1053 2338 quiescant,
1071 2252 1252 2337 frequenter
1266 2249 1374 2314 eadem

171 2353 304 2418 abbatia
318 2377 375 2440 per
390 2354 530 2419 marinos
545 2354 740 2421 latrunculos
755 2365 821 2420 tam
838 2357 871 2420 in
886 2357 1028 2443 personis
1046 2357 1213 2421 hominum
1229 2377 1324 2440 quam
1341 2354 1375 2416 in

169 2458 390 2523 combustione
405 2458 573 2524 domorum
588 2469 619 2524 et
628 2459 762 2524 aliarum
776 2484 878 2525 rerum
892 2462 1060 2527 amissione
1075 2461 1196 2547 patitur
1207 2459 1375 2524 detrimen-

171 2574 256 2627 tum.
296 2561 378 2628 Sane
394 2586 466 2627 oum
481 2563 532 2627 die
547 2562 684 2649 quadam
700 2564 802 2650 pirate
817 2566 856 2630 de
871 2567 1008 2651 nauigiis
1022 2565 1137 2651 egressi
1153 2563 1263 2628 uillam
1277 2585 1374 2648 quan-

170 2666 248 2730 dam
273 2666 413 2732 eiusdem
435 2667 561 2732 abbatie
585 2667 741 2733 hostiliter
760 2669 944 2735 inuadentes
968 2693 1031 2736 uon
1055 2677 1217 2755 parcerent
1231 2667 1375 2754 personis

171 2770 342 2835 hominum
355 2794 455 2857 neque
470 2772 573 2853 rebus
586 2773 625 2838 R.
636 2773 667 2836 J.
680 2796 715 2837 ac
731 2772 859 2859 quidam
870 2775 925 2838 alii
938 2774 1074 2860 predicte
1089 2773 1214 2839 abbatie
1229 2770 1375 2837 monachi

171 2874 214 2938 ad
231 2874 383 2940 clamores
398 2885 429 2940 et
444 2876 613 2962 strepitum
628 2889 787 2943 currentes
806 2878 949 2944 homines
964 2880 1064 2966 ipsius
1081 2878 1157 2942 uille
1172 2887 1209 2942 ut
1223 2876 1328 2941 locum
1344 2886 1375 2939 et

171 2977 294 3043 incolas
316 3001 465 3064 personas
488 2990 518 3044 et
534 2979 616 3044 bona
632 3004 650 3045 a
666 2981 806 3067 periculo
821 2981 1026 3048 defenderent
1042 2983 1221 3046 imminenti
1238 2979 1375 3046 solicita-

171 3091 251 3147 runt
272 3092 368 3169 prout
390 3083 474 3148 licite
498 3084 676 3166 credebant,
700 3086 759 3152 hoo
786 3087 945 3152 intellecto
968 3098 1003 3152 ut
1026 3111 1090 3153 non
1114 3086 1268 3151 inferrent
1290 3085 1373 3148 iniu-

171 3187 255 3251 riam
270 3186 323 3252 sed
340 3188 446 3273 potius
460 3189 693 3275 propulsarent.
743 3191 887 3276 Contigit
902 3202 1008 3256 autem
1024 3192 1109 3277 quod
1124 3190 1164 3256 de
1179 3188 1374 3254 irruentibus

172 3313 257 3355 unus
282 3291 413 3375 interiit,
436 3292 477 3356 ad
501 3294 591 3358 cuius
616 3294 779 3360 interitum
804 3295 938 3381 predicti
962 3297 1108 3362 monachi
1131 3319 1195 3360 non
1218 3280 1374 3359 dederunt

169 3417 264 3481 opem
290 3396 341 3460 uel
363 3419 501 3482 operam,
518 3398 649 3463 consilio
672 3400 723 3463 uel
748 3399 839 3465 facto.
886 3402 974 3479 Quia
996 3423 1070 3465 uero
1093 3400 1132 3465 de
1155 3399 1237 3464 facto
1252 3409 1282 3463 et
1298 3398 1373 3462 facti

169 3500 417 3566 circumstantiis
439 3511 495 3569 etc.
512 3525 612 3588 usque
634 3513 790 3589 quatenus
813 3505 839 3569 si
861 3515 906 3569 est
923 3506 966 3570 ita
981 3505 1121 3591 prefatos
1144 3502 1314 3570 monachos
1338 3504 1371 3566 in

170 3604 356 3670 executione
370 3605 477 3671 debita
492 3629 622 3671 suorum
639 3608 786 3672 ordinum
804 3608 972 3675 dimittatis
995 3608 1168 3674 dummodo
1187 3607 1371 3674 scandalum
1406 3637 1411 3646 ·

170 3718 229 3775 etc.

633 3819 681 3864 na
704 3819 838 3866 11011111.
862 3800 918 3888 (7).

218 3950 467 4037 Archiepiscopo
478 3952 725 4020 Rauennateusi.
757 3955 935 4020 Intelleetis
946 3956 1059 4020 litteris
1071 3958 1184 4021 uestris
1196 3978 1274 4041 quas
1286 3955 1372 4041 apud

169 4053 276 4118 sedem
298 4054 501 4140 apostolicam
524 4079 583 4142 pro
599 4057 640 4122 R.
657 4059 830 4143 presbitero
853 4059 952 4125 latore
975 4061 1167 4145 presentium
1191 4059 1371 4124 destinastis

168 4166 202 4222 et
217 4159 284 4223 eius
302 4159 496 4225 confessione
511 4159 680 4244 diligenter
694 4163 803 4228 audita
819 4165 1003 4229 auctoritate
1021 4164 1144 4229 domini
1159 4187 1241 4250 pape
1263 4165 1371 4249 ipsum

169 4261 212 4326 ad
227 4285 283 4328 uos
299 4262 450 4329 duximus
466 4264 692 4330 remittendum
703 4269 885 4352 paternitati
900 4279 1001 4333 uestre
1018 4269 1200 4333 intimantes
1216 4278 1370 4354 quatenus

169 4389 243 4430 curn
255 4365 295 4432 de
310 4377 410 4433 morte
426 4368 513 4434 illius
530 4368 667 4435 hominis
683 4394 777 4456 quem
789 4372 892 4438 littere
909 4383 1010 4437 uestro
1025 4374 1198 4455 continent,
1211 4373 1251 4437 ad
1267 4382 1371 4436 caute-

170 4470 236 4534 lam
259 4472 456 4557 presentibus
479 4473 656 4557 intercluse,
674 4475 758 4540 idem
783 4478 938 4562 presbiter
954 4500 1018 4542 non
1037 4478 1078 4542 sit
1093 4488 1195 4542 certus
1219 4501 1274 4541 nec
1298 4475 1371 4540 inde

170 4573 285 4639 habeat
295 4576 503 4660 probabiliter
512 4580 732 4644 conscientiam
746 4580 985 4647 remordentem.
1031 4582 1065 4646 Si
1080 4581 1168 4646 aliud
1184 4582 1369 4646 canonicum

170 4701 236 4744 non
251 4679 382 4744 obsistat
398 4682 502 4766 ipsum
518 4683 710 4768 permittatis
726 4685 757 4748 in
774 4686 839 4750 suis
855 4686 1020 4751 ordinibus
1037 4687 1133 4750 libere
1149 4685 1337 4750 ministrare.
