3098 5476
434 472 495 522 IX.
523 473 574 519 Du
602 472 651 520 ΕΟ
679 472 752 528 QUI
779 471 986 519 squNuua
1014 472 1103 520 uro.

742 749 806 817 IX.

212 945 268 1008 Da
291 961 335 1007 ao
358 962 420 1018 oar
443 961 615 1008 scranrsn
639 943 868 1008 Bauamcron
892 942 1071 1007 Oamuum
1094 962 1167 1008 Pan
1186 944 1332 1011 meu

683 1046 858 1111 Sunoum.

214 1222 461 1308 Archiepiscopo
492 1220 725 1306 Burdigalensi.
799 1221 844 1287 A.
877 1221 1031 1306 presbiter
1060 1221 1144 1287 lator
1175 1223 1369 1308 presentium

168 1326 333 1392 humiliter
367 1326 457 1391 nobis
493 1325 686 1390 confessione
725 1327 915 1390 monstrauit
948 1325 1033 1411 quod
1071 1348 1143 1390 cum
1176 1328 1306 1393 ecclesie
1334 1328 1369 1392 de

168 1469 300 1481 -—
330 1430 527 1495 medietatem
558 1429 685 1494 liaberet
714 1428 754 1492 ad
792 1428 990 1503 medictatem
1021 1429 1116 1494 aliam
1147 1454 1213 1495 non
1255 1432 1370 1518 absque

168 1537 348 1622 symoniace
369 1535 538 1621 prauitatis
561 1533 631 1597 labe
652 1534 798 1620 peruenit
812 1541 843 1597 et
859 1533 1040 1618 hujusmodi
1058 1534 1137 1599 uitio
1154 1558 1218 1600 non
1237 1546 1370 1622 purgato

168 1641 248 1705 iuris
263 1639 392 1725 ignarus
408 1637 448 1702 ad
466 1638 602 1723 gradum
617 1637 781 1702 sacerdotii
806 1646 852 1701 cst
867 1647 1041 1722 promotus.
1090 1636 1238 1703 Tandem
1255 1641 1370 1724 apertis

168 1743 377 1829 intelligentie
399 1742 498 1807 oculis
520 1743 645 1827 cognita
668 1741 761 1826 culpa
784 1740 981 1806 medietatem
1007 1741 1096 1806 illam
1120 1743 1249 1808 ecclesie
1274 1767 1369 1830 quam

168 1849 348 1934 symoniace
371 1846 474 1911 fuerat
496 1857 653 1910 assecutus
677 1848 710 1908 iu
733 1846 828 1910 uestri
853 1845 1077 1931 predecessoris
1101 1847 1252 1912 manibus
1278 1849 1370 1934 resig-

169 1954 269 2018 nauit.
316 1951 443 2018 Verum
463 1974 559 2036 super
577 1951 760 2015 executione
782 1948 903 2014 ordinis
925 1951 970 2015 sic
991 1951 1126 2036 suscepti
1150 1951 1258 2016 sedem
1282 1975 1371 2039 apos-

169 2058 297 2122 tolicam
320 2056 400 2121 adiit
422 2055 514 2120 etad
540 2054 677 2118 bostium
705 2053 916 2119 misericordie
939 2055 1006 2119 eius
1032 2054 1131 2119 multa
1157 2056 1305 2141 pulsauit
1327 2059 1370 2120 in-

166 2162 284 2227 stantia
314 2161 478 2224 humiliter
503 2158 684 2244 supplicans
715 2159 776 2224 sibi
807 2158 1051 2244 dispensationis
1083 2161 1210 2224 ianuam
1242 2162 1369 2247 aperiri,

168 2266 332 2353 presertim
356 2287 426 2328 cum
453 2264 548 2328 aliam
576 2263 772 2327 medietatem
798 2263 923 2327 ecclesie
949 2272 1120 2328 memorato
1144 2286 1242 2350 quam
1269 2265 1371 2330 fuerat

167 2371 302 2456 adeptus
332 2369 479 2433 canonice
508 2377 615 2453 aperte
645 2367 710 2432 sedi
741 2367 911 2453 apostolice
941 2368 1160 2453 resignauerit,
1187 2370 1223 2433 in
1254 2393 1369 2455 penam

168 2475 268 2560 partis
291 2482 437 2558 corrupte
452 2474 597 2558 priuatus
613 2472 841 2536 nichilominus
856 2481 887 2535 ct
902 2482 992 2558 parte
1014 2474 1142 2538 sincera.
1188 2474 1279 2553 Quia
1295 2497 1369 2540 uero

169 2587 241 2664 post
266 2578 379 2641 uinum
407 2578 522 2662 rigoris
551 2577 681 2657 sauciati
710 2575 898 2640 uulneribus
928 2576 1163 2641 infundendum
1190 2589 1238 2642 est
1265 2579 1369 2644 oleum

169 2683 309 2747 leuitatis
332 2692 362 2746 et
378 2691 450 2767 post
466 2681 596 2745 uerbera
618 2681 718 2767 patris
741 2680 933 2766 porrigenda
948 2667 1136 2746 suut'ubera
1154 2682 1265 2747 matris
1288 2706 1370 2749 com-

170 2787 327 2851 mittimus
342 2795 497 2871 quatenus
512 2808 584 2848 cum
601 2784 685 2849 dicto
701 2785 741 2849 A.
759 2786 785 2849 si
809 2785 887 2849 alias
907 2787 934 2848 ei
950 2795 981 2850 et
997 2786 1061 2850 uite
1077 2787 1227 2850 meritum
1241 2797 1272 2852 et
1288 2787 1371 2853 fame

169 2890 387 2955 testimonium
418 2888 634 2974 suffragantur
663 2887 814 2974 aliudque
850 2890 1037 2953 canonicum
1067 2913 1131 2955 non
1162 2891 1306 2976 obsistat,
1334 2891 1372 2957 de

170 2993 457 3079 misericordiaque
479 3016 573 3078 super
588 2993 706 3058 exaltat
721 2993 837 3058 iudicio
853 3017 948 3079 super
964 2995 1147 3059 executione
1169 2996 1371 3062 sacerdotalis

168 3098 263 3163 officii
281 3097 524 3162 misericorditer
539 3097 736 3184 dispensetis

631 3321 679 3365 na
702 3321 834 3367 sonan.
859 3302 916 3388 (2).

215 3480 374 3565 Episcopo
404 3477 540 3543 Litretl.l
595 3478 648 3541 Ex
679 3490 786 3542 tenore
816 3477 993 3542 litterarum
1024 3500 1102 3563 quas
1132 3477 1265 3545 domino
1293 3503 1374 3567 pape

170 3584 301 3648 misistis
328 3584 504 3668 accepimus
530 3605 602 3646 cum
629 3582 707 3647 alias
734 3582 863 3646 clericus
891 3582 1100 3667 recipiebatur
1125 3605 1143 3647 a
1170 3584 1313 3669 capitulo
1339 3586 1372 3648 in

170 3689 358 3753 canonicum
383 3699 414 3753 et
440 3688 571 3752 fratrem
595 3687 681 3773 quod
708 3711 746 3751 ex
773 3689 904 3773 antiqua
932 3687 1161 3753 consuetudine
1185 3688 1236 3753 uel
1265 3691 1374 3776 potius

169 3793 347 3879 corruptela
365 3816 426 3879 que
451 3794 482 3856 iu
505 3792 643 3856 Litrensi
667 3792 792 3857 ecclesia
814 3792 945 3856 inoleuit
967 3793 1109 3878 pactione
1132 3794 1242 3878 preuia
1264 3795 1372 3881 ipsum

170 3898 292 3963 soluere
314 3898 478 3982 oportebat
498 3897 629 3983 prestito
652 3897 878 3960 nichilominus
901 3906 1094 3961 sacramento
1117 3905 1155 3960 ut
1169 3897 1303 3963 cuilibet
1318 3897 1371 3963 de-

169 4002 347 4066 cedentium
364 4001 498 4065 fratrum
515 4022 546 4066 x.
566 4001 675 4065 missas
688 4001 814 4082 ‚cantari
832 4000 946 4064 faceret
960 4010 1016 4066 aut
1031 4009 1171 4065 cantaret
1186 4001 1212 4066 si
1229 4002 1374 4068 sacerdo-

169 4106 227 4172 tali
252 4105 354 4171 officio
378 4105 573 4191 fungeretur.
620 4106 746 4173 Verum
771 4128 841 4169 cum
866 4129 905 4169 cx
930 4106 1091 4190 premissis
1117 4128 1179 4170 uon
1208 4106 1372 4172 crederent

169 4212 351 4296 symoniaca
363 4211 434 4275 labe
446 4211 583 4297 respergi
597 4210 675 4274 iuris
691 4211 794 4295 ignari
812 4233 874 4274 uon
887 4219 1022 4295 purgato
1034 4210 1114 4274 uitio
1125 4232 1229 4275 sacros
1245 4211 1373 4276 ordines

168 4325 200 4380 et
215 4314 419 4379 ecclesiastica
442 4315 591 4379 beneficia
614 4325 687 4380 sunt
704 4315 818 4401 adepti.
864 4314 1007 4378 Tandem
1023 4315 1139 4399 apertis
1163 4314 1373 4402 intelligentie

168 4419 268 4483 oculis
290 4442 309 4483 a
331 4442 490 4483 sacrorum
513 4420 696 4485 executione
718 4427 879 4483 cessarunt
905 4418 1004 4483 donec
1028 4419 1123 4483 saluti
1147 4419 1374 4504 prouiderctur

182 4626 332 4693 ¹Probably
345 4629 524 4679 Literanensis
538 4629 676 4694 (Lattara),
689 4647 705 4679 a
716 4628 900 4679 discontinued
913 4645 954 4678 see
967 4628 994 4678 in
1008 4628 1054 4678 the
1066 4627 1193 4693 province
1205 4628 1236 4679 of
1246 4628 1355 4680 Amclfi.
