3098 5476
192 563 314 613 LXXI.
341 565 392 612 DE
420 535 571 620 ΕΟὮΙΙῙ
599 567 788 617 vooA'rUs
815 569 869 616 AD
897 569 1087 618 SINODUM
1117 571 1206 621 E'PC.
1241 612 1243 616 .
1276 557 1320 621 85

109 721 311 802 consulatur,
335 723 428 788 uobis
454 725 639 789 auctoritate
663 724 786 791 domini
810 750 892 813 pape
916 729 1143 794 committimus
1168 740 1323 816 quatenus

110 835 189 912 post
205 836 349 892 mutuam
365 828 611 895 satisfactionem
627 830 804 895 exhibitam
819 831 879 896 sibi
896 833 973 919 ipsis
995 856 1047 898 eos
1070 835 1161 899 iuxta
1184 835 1320 901 formam

111 932 244 997 ecclesie
259 932 440 1014 absoluatis,
457 933 657 1020 iniungentes
672 934 718 999 eis
733 936 940 1021 penitentiam
957 937 1137 1002 salutarem.

597 1147 848 1155 —————..-.

653 1298 788 1365 LXXI.

110 1488 176 1554 Dr:
199 1508 246 1554 xc
268 1508 332 1565 cur
355 1489 519 1555 Vocn'rus
542 1508 592 1554 An
618 1489 784 1556 Smoumr
808 1509 882 1555 uon
906 1490 1030 1559 Vmur
1053 1511 1098 1555 rr
1120 1492 1322 1559 Excouuu-

221 1611 375 1659 merrus
398 1612 443 1657 ur
466 1592 666 1659 Suspensus
689 1595 858 1659 Proerna
880 1613 951 1660 Hoc
974 1595 1220 1662 Cascantum.

161 1784 323 1871 Episcopo
338 1784 491 1850 Eduensi.
538 1785 586 1852 M.
602 1787 757 1872 presbiter
773 1787 854 1851 lator
870 1788 1064 1872 presentium
1087 1788 1179 1852 nobis
1202 1788 1319 1854 humili

112 1889 313 1956 confessione
335 1889 527 1955 monstrauit
541 1890 628 1976 quod
650 1889 733 1954 idem
758 1913 928 1977 suspensus
950 1914 969 1955 a
991 1891 1082 1956 uobis
1106 1914 1163 1977 pro
1182 1915 1218 1957 eo
1234 1893 1321 1979 quod

116 2003 250 2060 uocatus
264 1993 304 2058 ad
317 1993 475 2079 synodum
490 2016 555 2058 non
569 1993 705 2077 accessit,
718 1994 897 2080 ignorantia
910 1996 987 2060 iuris
1003 1994 1114 2060 diuina
1126 1996 1321 2083 presumpsit

115 2097 222 2164 officia
241 2097 405 2163 celebrare.
451 2096 553 2184 Super
571 2121 635 2185 quo
656 2098 820 2162 humiliter
837 2099 1029 2185 supplieauit
1049 2100 1218 2185 apostolice
1239 2099 1322 2167 sedis

115 2202 284 2268 clementia
313 2202 373 2267 sibi
403 2201 646 2268 misericorditer
676 2203 848 2269 subueniri.
906 2203 975 2269 Nos
1005 2214 1110 2268 autem
1140 2203 1320 2290 predictum

115 2307 304 2373 auctoritate
332 2305 455 2371 domini
484 2329 565 2392 pape
598 2305 639 2370 ad
670 2329 725 2371 uos
763 2307 915 2372 duximus
953 2307 1178 2372 remittendum
1217 2318 1320 2374 uestre

115 2410 287 2498 prudentie
323 2410 555 2476 committentes
592 2419 629 2475 ut
659 2412 864 2496 competentis
901 2411 1112 2477 satisfactione
1149 2413 1321 2498 penitentie

114 2515 287 2584 temerarie,
311 2514 528 2580 celebrationis
555 2515 647 2600 culpa
674 2524 809 2601 purgata
835 2526 865 2580 et
890 2515 1048 2580 interdicti
1076 2515 1223 2581 relaxetis
1249 2539 1320 2581 sen-

116 2618 251 2684 tentiam
273 2619 346 2684 etsi
368 2617 456 2684 aliud
478 2619 663 2684 canonicum
688 2643 751 2684 non
774 2619 904 2684 obsistat
922 2643 994 2684 cum
1017 2643 1053 2685 eo
1076 2621 1321 2686 misericorditer

113 2723 316 2809 dispensetis.

581 2864 629 2908 mr
652 2863 784 2910 uocum.
808 2844 866 2932 (2)

163 3038 324 3123 Episcopo
332 3037 587 3122 Vesprimiensi.¹
625 3037 678 3101 Ex
695 3045 802 3102 tenore
818 3037 996 3102 litterarum
1012 3046 1187 3102 uestrarum
1203 3040 1320 3124 accepi·

117 3164 192 3206 mus
214 3140 299 3228 quod
322 3142 355 3206 J.
372 3142 535 3227 presbiter,
553 3141 635 3206 lator
656 3142 860 3228 presentium,
877 3124 1165 3206 excommunicatus
1188 3165 1207 3206 a
1229 3143 1320 3207 uobis

116 3268 178 3331 pro
193 3268 230 3310 eo
245 3244 331 3331 quod
346 3253 475 3311 uocatus
489 3244 530 3309 ad
546 3245 705 3330 synodum
720 3268 784 3309 non
799 3245 926 3310 accessit
941 3267 997 3331 per
1012 3244 1183 3308 dimidium
1198 3268 1319 3309 annum

112 3350 231 3414 diuina
259 3350 413 3415 celebrare
443 3350 643 3435 presumpsit,
669 3350 876 3415 absolutionis
907 3349 1055 3414 beneficio
1086 3372 1148 3414 non
1181 3350 1319 3433 obtento,

117 3465 250 3540 propter
275 3453 360 3540 quod
390 3454 497 3540 ipsum
522 3453 563 3518 ad
593 3453 697 3519 sedem
727 3453 930 3540 apostolicam
961 3476 1032 3516 cum
1063 3453 1176 3517 uestris
1207 3453 1320 3519 litteris

118 3559 339 3624 transmisistis
365 3558 608 3644 dispensationis
631 3559 766 3644 gratiam
789 3559 972 3644 petiturum.
1028 3557 1097 3622 Nos
1124 3567 1228 3622 autem
1252 3580 1320 3642 pre·

119 3662 224 3728 fatum
238 3700 370 3713 —
386 3662 426 3726 ad
450 3686 507 3728 uos
530 3663 586 3749 qui
608 3664 647 3727 de
662 3663 783 3727 meritis
802 3663 869 3727 eius
892 3662 1022 3747 potestis
1045 3661 1159 3726 habere
1175 3662 1321 3726 notitiam

118 3768 296 3853 pleniorem
310 3767 461 3831 duximus
477 3766 702 3832 remittendum
718 3767 901 3831 auctoritate
917 3767 1034 3830 summi
1046 3766 1204 3851 pontificis
1220 3775 1321 3831 uestre

120 3871 289 3958 prudentie
318 3873 548 3937 committentes
578 3871 663 3959 quod
696 3871 836 3956 predicto
863 3872 895 3936 J.
927 3872 968 3935 ab
997 3871 1321 3936 excommunicatione

119 3974 303 4041 huiusmodi
325 3975 416 4042 iuxta
432 3976 566 4042 formam
583 3977 708 4041 ecclesie
730 3975 875 4040 absoluto
890 3998 925 4039 ac
948 3975 1090 4039 iniuncta
1104 3975 1132 4039 ei
1156 3998 1214 4061 pro
1229 3975 1321 4060 culpe

121 4080 215 4146 modo
238 4080 412 4167 penitentia
426 4081 625 4167 competenti,
641 4081 681 4145 ad
705 4089 829 4166 tempus
853 4091 954 4144 cestre
969 4078 1166 4144 discretionis
1188 4080 1320 4144 arbitrio

120 4184 324 4249 limitandum
344 4185 385 4249 ab
403 4186 588 4250 executione
610 4184 704 4250 officii
727 4183 925 4270 suspendatis
947 4183 1091 4248 eundem.
1138 4183 1277 4247 Demum
1294 4184 1320 4248 si

113 4289 220 4353 eidem
235 4297 268 4354 et
283 4289 348 4353 uite
370 4290 519 4354 meritum
540 4298 571 4354 et
587 4290 670 4353 fame
692 4288 907 4354 testimonium
931 4287 1156 4374 suffragabitur
1170 4286 1320 4373 aliudque

113 4394 305 4459 canonicum
321 4402 378 4459 etc.
392 4417 492 4481 usque
507 4395 692 4459 admittatis.

554 4604 563 4634 ¹
576 4603 727 4670 Vulpem,
740 4604 881 4670 Hungary.
