3098 5476
427 479 516 528 XVI.
540 479 591 527 Dll
619 477 908 527 oomuusrwNI
936 477 1120 526 cunalor.

631 706 679 750 un
702 706 835 752 nonan.
860 687 918 774 (6).

217 863 445 929 Claustralium
474 861 631 927 horrenda
656 861 826 926 crudelitas
853 861 1042 926 seuientium
1069 863 1102 925 in
1130 863 1255 948 seipsos
1280 885 1373 950 usque

173 968 252 1034 adeo
269 969 300 1031 in
319 967 509 1032 monasterio
524 977 629 1032 uestro
653 977 766 1031 metam
786 966 890 1030 omnis
913 966 1120 1031 humanitatis
1142 967 1280 1032 excessit
1294 967 1372 1055 quod

173 1073 288 1138 latores
310 1071 505 1158 presentium
526 1069 694 1156 discipline
717 1071 792 1155 iugo
815 1068 934 1135 deiecto
950 1070 983 1134 in
999 1070 1125 1135 ecclesie
1139 1108 1277 1122 —-
1290 1070 1376 1137 deca-

173 1200 250 1242 num
269 1199 380 1240 manus
395 1174 560 1260 sacrilegas
575 1174 794 1240 extenderunt.
842 1175 932 1240 Licet
947 1184 1053 1240 autem
1069 1175 1134 1239 sint
1148 1175 1245 1261 culpe
1260 1176 1295 1240 in
1310 1177 1376 1263 qui-

173 1282 233 1346 bus
255 1280 349 1366 culpa
373 1290 419 1345 est
439 1278 581 1344 relaxare
605 1277 790 1359 uindictam,
807 1279 883 1364 quia
905 1288 1012 1343 tamen
1035 1288 1136 1344 mater
1158 1279 1293 1345 ecclesia
1315 1304 1372 1347 non

173 1384 293 1450 claudit
317 1383 522 1449 redeuntibus
543 1383 712 1468 gremium,
736 1405 798 1469 que
824 1384 995 1469 peccatoris
1024 1381 1191 1470 [querens]
1215 1383 1376 1450 redditum

175 1489 311 1577 porrigit
325 1487 467 1553 tabulam
483 1488 656 1573 penitentie
671 1487 845 1572 naufragis,
861 1510 919 1552 nos
941 1487 1072 1573 prefatis
1087 1498 1238 1554 consueto
1254 1491 1376 1556 absolu·

173 1594 270 1660 tionis
292 1592 443 1658 beneficio
458 1593 549 1655 iuxta
572 1591 707 1656 formam
726 1590 852 1656 ecclesie
873 1592 1087 1677 prouidentes,
1103 1592 1190 1677 ipsos
1212 1615 1375 1660 asuerum

174 1698 325 1764 ordinum
341 1697 524 1762 executione
541 1718 707 1780 suspensos
722 1693 763 1759 ad
779 1718 836 1760 uos
852 1695 891 1760 de
906 1696 1033 1781 speciali
1048 1695 1172 1761 domini
1188 1720 1275 1785 pape
1290 1721 1378 1765 man-

173 1803 248 1868 dato
262 1801 416 1866 duximus
431 1800 645 1881 remittendos
663 1811 764 1864 uestre
782 1799 950 1886 prudentie
968 1800 1200 1867 committentes
1221 1812 1377 1888 quatenus

172 1906 369 1973 considerata
391 1905 485 1990 culpa
508 1906 649 1990 ipsorum
671 1904 767 1969 talem
790 1905 835 1969 eis
857 1905 1063 1990 penitentiam
1084 1905 1263 1992 iniungatis
1286 1908 1378 1974 iuxta

172 2011 296 2078 ordinis
311 2010 513 2096 disciplinam
529 2008 615 2094 quod
631 2009 675 2074 eis
690 2010 732 2074 sit
746 2008 786 2073 ad
803 2009 937 2073 salutem
952 2020 983 2073 et
997 2010 1108 2074 ceteris
1123 2010 1164 2074 ad
1179 2019 1346 2079 terrorem.

721 2306 826 2373 XVI.

253 2500 310 2564 Dn
335 2518 407 2563 nus
430 2518 493 2574 our
517 2498 725 2562 Iurnasuur
749 2498 993 2563 Concusrronr
1017 2497 1092 2586 [sic]
1118 2499 1297 2566 Amemus

577 2602 780 2667 Scsnnaarr
804 2602 964 2668 Cunarcr.

215 2780 341 2845 Abbati
353 2778 391 2843 de
401 2779 492 2855 Orta‚
500 2778 804 2843 Premonstrateusis
816 2776 946 2843 ordinis.
976 2779 1123 2844 Porrecta
1133 2779 1225 2848 nobis
1236 2803 1277 2845 ex
1289 2791 1379 2867 parte

173 2895 277 2951 uestra
299 2883 410 2970 petitio
433 2882 613 2947 continebat
635 2882 719 2968 quod
744 2906 816 2946 cunr
839 2882 868 2945 B
895 2882 1057 2968 quondam
1081 2893 1183 2949 uester
1203 2907 1379 2952 conuersus

169 3061 287 3114 Trident.
300 3061 364 3112 Sess.
377 3074 437 3110 XIV.
451 3060 491 3110 De
510 3059 626 3110 Reform.
640 3076 661 3110 c.
674 3059 710 3120 4).
751 3059 790 3109 To
811 3058 941 3110 maintain
960 3059 1015 3110 this
1038 3059 1090 3110 and
1111 3060 1189 3112 other
1210 3061 1380 3115 immunities

170 3146 263 3198 Urban
280 3144 362 3197 VIII.
381 3143 409 3194 in
432 3144 497 3193 1622
521 3141 680 3193 established
703 3159 719 3193 a
739 3142 836 3208 special
860 3142 1054 3208 Congregation
1080 3144 1110 3194 of
1130 3143 1272 3196 Cardinals
1289 3146 1376 3199 whose

168 3229 298 3282 decisione
309 3229 382 3279 show
394 3227 453 3278 that
468 3226 514 3276 the
527 3225 634 3276 Church
647 3225 702 3276 still
715 3226 831 3291 upholds
843 3226 877 3276 its
888 3225 934 3276 old
945 3225 1072 3276 claims-

205 3313 220 3339 “
227 3312 316 3364 Causae
328 3319 383 3363 tam
394 3310 487 3362 civiles
498 3326 579 3375 quam
591 3308 742 3360 criminales
753 3318 844 3360 contra
855 3309 964 3360 clericos
980 3309 1134 3376 conjugatos
1145 3317 1171 3362 et
1183 3311 1290 3364 coelibes
1307 3330 1380 3379 spec·

169 3404 228 3448 tant
242 3395 276 3446 ad
293 3395 395 3446 curiam
412 3392 613 3446 ecclesiasticam
630 3392 880 3458 privative.'’—“In
897 3410 975 3444 causa
992 3394 1081 3445 clerici
1094 3394 1261 3446 vulnerantis
1278 3396 1376 3448 laicum

171 3480 246 3532 curia
257 3478 388 3530 saecularis
400 3477 509 3528 omnino
521 3475 792 3540 abstineat.''-Ricci,
802 3476 933 3542 Synopsis,
945 3476 1057 3528 Decreta
1068 3485 1094 3529 et
1106 3477 1295 3531 Resolutiones
1306 3480 1375 3532 Sacr.

174 3565 269 3629 Congr.
282 3561 471 3619 Immunitatis‚
485 3578 503 3611 s.
516 3577 541 3610 v.
557 3558 706 3608 Causarum
718 3560 830 3623 aequitio
843 3577 868 3610 n.
882 3562 904 3624 2,
919 3562 958 3611 21.

202 3648 236 3697 In
248 3646 300 3696 fact
312 3645 376 3696 Pius
388 3644 438 3695 IX.
450 3642 571 3694 declared
588 3643 643 3694 this
660 3650 687 3693 to
698 3642 731 3694 be
749 3660 782 3693 an
800 3642 943 3695 ordinance
955 3645 984 3696 of
1001 3643 1062 3696 God
1079 3643 1240 3695 himself-“
1248 3646 1379 3699 Ecclesiae

169 3739 196 3783 et
207 3746 379 3796 personarum
396 3727 599 3790 immunitatem,
613 3726 663 3777 Dei
681 3726 848 3777 ordinatione
866 3734 892 3778 et
903 3728 1036 3779 canonicis
1053 3727 1233 3780 sanctionibus
1250 3730 1377 3782 constitu·

171 3823 226 3865 tam
234 3814 248 3838 ’'
265 3812 340 3877 (Litt.
352 3810 471 3878 Apostol.
481 3809 645 3874 Multiplices
658 3810 942 3877 anter,1oJ11n.1851).
967 3813 981 3863 Ι
1006 3812 1028 3862 is
1039 3812 1228 3878 consequently
1237 3830 1271 3863 an
1284 3815 1381 3866 article

169 3899 199 3949 of
214 3896 289 3947 faith.
325 3896 363 3946 As
381 3894 426 3945 the
444 3893 638 3959 Congregation
656 3894 685 3943 of
700 3894 869 3945 lmmunities
886 3912 1020 3961 expresses
1038 3895 1065 3959 it,
1087 3895 1160 3946 “Les
1177 3895 1260 3948 saints
1277 3915 1377 3949 canons

171 3980 336 4033 defendenti
346 3985 404 4028 tout
412 3978 500 4043 laique
512 3977 689 4028 d'exercerun
702 3986 757 4028 acte
766 3977 929 4044 quelconque
939 3979 971 4030 de
979 3978 1145 4045 juridiction,
1154 3981 1240 4031 meme
1251 3979 1380 4048 deleguee

169 4082 219 4132 par
228 4064 253 4114 le
261 4063 325 4129 juge
337 4060 491 4128 competent,
500 4069 589 4112 contre
599 4060 636 4110 les
648 4061 727 4112 clercs
739 4061 785 4126 qui
795 4061 923 4127 jouissent
935 4062 972 4113 du
984 4062 1115 4128 privilege
1126 4062 1163 4114 du
1175 4063 1239 4114 for”
1256 4063 1381 4119 (De'orets-

169 4148 203 4200 de
215 4148 242 4198 la
253 4146 337 4197 sainte
349 4143 542 4210 Congregation
554 4144 587 4194 de
599 4143 770 4208 l’Immnnite,
784 4145 866 4209 Paris,
881 4146 953 4209 1808,
967 4163 991 4211 p.
1005 4146 1075 4207 460).
1110 4145 1144 4197 So
1157 4146 1200 4196 far
1211 4146 1234 4197 is
1252 4147 1309 4199 this
1321 4166 1376 4200 car·

170 4231 228 4283 ried
247 4229 351 4281 thatin
370 4227 578 4280 awellordered
597 4234 662 4278 state
680 4245 696 4278 a
713 4228 813 4279 secular
828 4228 911 4294 judge
930 4229 978 4280 has
996 4246 1031 4279 no
1050 4246 1138 4295 power
1155 4237 1182 4280 to
1200 4246 1324 4282 summon
1343 4249 1379 4284 an

169 4312 328 4367 ecclesiastic
339 4319 366 4362 to
378 4311 421 4363 his
432 4320 507 4362 court
519 4329 547 4362 as
564 4328 579 4362 a
591 4311 695 4362 witness
707 4311 820 4362 without
832 4330 848 4362 a
859 4312 956 4378 special
973 4313 1073 4379 faculty
1086 4313 1199 4375 granted
1216 4313 1251 4380 by
1264 4331 1334 4382 pope
1346 4332 1381 4367 or·

169 4398 273 4464 bishop.
308 4395 469 4459 Sometimes,
482 4395 571 4447 before
588 4394 635 4445 the
653 4394 806 4446 unification
818 4396 848 4446 of
863 4396 941 4461 Italy,
955 4396 1028 4447 these
1046 4396 1167 4448 saculties
1178 4413 1247 4449 were
1264 4399 1377 4464 granted

169 4483 211 4534 for
223 4499 239 4532 a
249 4479 334 4546 single
346 4479 491 4545 important
502 4478 573 4542 trial,
585 4478 734 4529 sometimes
751 4479 793 4529 for
804 4479 846 4528 six
859 4480 972 4544 months,
986 4479 1038 4530 and
1056 4479 1206 4531 sometimes
1222 4481 1266 4532 for
1277 4499 1293 4533 a
1304 4500 1380 4549 year,

169 4566 216 4617 but
235 4565 281 4616 the
299 4563 405 4615 clerical
421 4562 525 4614 witness
539 4579 591 4613 was
609 4562 732 4627 required
751 4570 778 4613 to
797 4563 874 4613 make
892 4580 908 4614 a
925 4571 1031 4629 protest
1055 4564 1105 4628 (ΙΙ).
1118 4581 1163 4630 pp.
1176 4565 1233 4629 442,
1246 4565 1304 4630 449,
1317 4567 1380 4632 452,

169 4650 226 4713 456,
240 4649 289 4698 459
301 4646 362 4702 etol.
