3098 5476
543 115 700 164 xnvrrr.
728 116 779 163 nn
808 115 1048 164 rnnsnarrs.
1356 102 1398 164 65

169 293 269 340 cum
284 276 488 363 dampnatis:
511 275 564 339 sed
584 296 697 338 manus
712 273 858 338 altissimi
875 296 968 360 opem
983 273 1059 338 tulit
1073 273 1152 337 dum
1167 283 1253 338 cetus
1267 272 1399 360 grandis

170 387 250 446 etc.
278 381 361 446 sicut
386 378 450 444 alia
477 401 575 464 usque
598 377 766 461 contraxit,
792 376 881 442 nulla
906 377 968 443 sibi
995 400 1050 463 spe
1073 378 1157 443 circa
1182 378 1398 444 executionem

172 498 326 550 suorum
350 484 500 549 ordinum
523 492 689 549 reseruata.

708 911 884 979 XLVIII.

655 1120 713 1185 Da
736 1122 942 1188 Farsaans.

240 1331 484 1418 Archiepiscopo
511 1329 771 1416 Rothomagensi.
829 1332 989 1396 Accedens
1016 1332 1093 1397 olim
1119 1331 1160 1395 ad
1190 1331 1395 1417 apostolicam

199 1435 298 1501 sedem
315 1433 361 1501 H.
378 1458 499 1522 pauper
513 1435 664 1500 diaconus
687 1434 769 1501 lator
783 1436 978 1522 presentium
997 1435 1160 1500 humiliter
1176 1446 1222 1500 est
1237 1436 1396 1500 confessus

196 1533 279 1627 quod
292 1540 359 1627 ipse
371 1562 434 1605 non
447 1563 486 1604 ex
498 1539 620 1604 malitia
631 1539 685 1604 sed
700 1540 901 1626 simplicitate
913 1540 1020 1625 potius
1032 1540 1066 1604 in
1078 1539 1268 1627 quibusdam
1282 1540 1397 1605 litteris

196 1645 275 1711 bone
293 1644 444 1710 memorie
459 1644 505 1708 Η.
523 1644 613 1729 pape¹
628 1644 669 1708 ad
692 1644 878 1709 instanciam
898 1644 1061 1709 cuiusdam
1084 1645 1159 1710 socii
1182 1645 1232 1709 sui
1251 1667 1394 1709 rasuram

195 1749 311 1815 faciens
341 1757 455 1836 quarto
485 1749 591 1833 posuit
618 1748 674 1813 ubi
702 1749 805 1813 fuerat
829 1749 983 1835 scriptum
1010 1750 1130 1835 quinto.
1186 1749 1396 1815 Postmodum

193 1855 343 1940 ignorans
366 1875 431 1918 esse
454 1852 650 1938 prohibitum
670 1876 706 1917 ac
728 1876 760 1917 se
782 1862 912 1939 propter
927 1853 985 1918 hoc
1008 1853 1042 1916 in
1061 1854 1395 1920 excommunicationis

192 1958 348 2024 sententia
366 1957 512 2022 incidisse
534 1957 574 2021 ad
598 1957 842 2023 subdiaconatus
865 1967 894 2022 et
910 1957 1096 2023 diaconatus
1111 1959 1237 2024 ordines
1259 1966 1307 2023 est
1321 1981 1397 2044 pro-

193 2075 308 2145 motus,
327 2071 358 2126 et
381 2061 575 2126 ministrauit
597 2062 631 2125 in
653 2062 741 2147 ipsis,
762 2061 970 2127 absolutionis
993 2062 1143 2127 beneficio
1167 2085 1231 2128 non
1254 2062 1394 2128 obtento,

192 2166 339 2232 Tandem
357 2166 475 2253 apertis
498 2165 706 2252 intelligentie
728 2166 836 2244 oculis
854 2167 980 2252 cognita
1003 2165 1105 2251 culpa,
1122 2157 1203 2231 sedis
1226 2166 1396 2252 apostolice

191 2271 390 2336 clementiam
401 2270 490 2350 adiit,
501 2293 631 2356 sperans
645 2270 730 2356 apud
746 2270 834 2335 illius
849 2271 1013 2353 uicarium,
1027 2270 1082 2356 qni
1098 2293 1169 2335 cum
1181 2271 1280 2335 iratus
1297 2271 1396 2335 fuerit

191 2398 255 2441 non
271 2375 471 2441 obliuiscitur
483 2375 633 2458 misereri,
646 2374 706 2439 sibi
724 2375 935 2439 misericordie
952 2375 1079 2439 ianuam
1095 2375 1220 2461 aperiri.
1267 2375 1395 2440 Clama-

190 2482 239 2545 uit
254 2479 412 2566 siquidem
427 2479 494 2562 diu,
510 2479 651 2565 pulsauit
673 2478 958 2565 supplicationibus
980 2488 1011 2544 et
1027 2479 1166 2544 lacrimis
1188 2479 1393 2566 supplicauit‚

190 2584 245 2649 sed
272 2583 430 2671 frequenti
455 2585 521 2657 eius
548 2583 697 2648 instantIe
722 2583 917 2669 frequentem
940 2585 1088 2670 opposuit
1114 2583 1251 2670 qualitas
1275 2584 1394 2649 offense

190 2688 351 2776 repulsam
367 2711 406 2753 ne
429 2688 563 2753 facilitas
586 2688 677 2752 uenis
700 2688 896 2753 incentiuum
912 2687 993 2753 forte
1015 2688 1168 2753 tribueret
1183 2688 1392 2774 delinquenti.

190 2793 275 2859 Sane
302 2793 387 2857 uinci
417 2791 521 2858 uoluit
545 2791 695 2858 dominus
722 2791 952 2878 supplicatione
980 2792 1095 2856 humili
1124 2815 1278 2874 cananee3
1309 2793 1394 2856 uinci

189 2897 295 2963 noluit
310 2896 422 2963 eteius
446 2897 582 2962 uicarius
604 2896 741 2982 supplici
763 2896 944 2962 humilitate
967 2897 1132 2982 peccantis,
1148 2920 1205 2982 per
1223 2920 1281 2962 nos
1304 2919 1395 2961 man·

188 3001 270 3067 dans
297 3001 383 3067 dicto
406 3000 539 3067 diacono
565 3000 776 3067 absolutionis
803 3001 991 3066 beneficium
1016 3001 1182 3087 impertiri,
1205 3011 1237 3066 et
1260 3024 1315 3088 per
1338 3023 1395 3065 uos

189 3105 310 3193 inquiri
334 3104 374 3171 de
401 3106 501 3192 ipsius
525 3106 592 3171 uita
615 3115 646 3171 et
669 3105 812 3171 moribus
835 3115 867 3170 et
889 3105 976 3192 qnod
1001 3105 1187 3171 inueneritis
1211 3105 1313 3170 eidem
1338 3128 1395 3191 per

188 3220 310 3277 uestras
348 3211 468 3276 litteras
506 3210 672 3275 mitteretis
702 3218 738 3274 ut
768 3210 842 3275 inde
872 3211 899 3275 si
930 3219 1034 3296 posset
1064 3219 1237 3276 assumeret
1266 3230 1393 3275 causam

190 3315 401 3381 fauorabilem
429 3312 607 3380 miserendi.
671 3313 887 3380 Consideratis
914 3315 1099 3401 igiturque
1129 3337 1223 3401 super
1250 3315 1333 3379 fame
1359 3337 1395 3379 ac

188 3420 254 3484 nite
276 3419 456 3488 testimonio
478 3419 578 3504 ipsius
600 3419 647 3483 H.
673 3429 775 3483 uestre
802 3419 906 3484 littere
928 3419 1139 3484 continebant
1161 3419 1324 3505 prouisum
1348 3428 1394 3484 est

189 3534 225 3588 ut
239 3523 395 3610 penitenti
419 3523 633 3588 misericordia
655 3524 786 3589 omnino
809 3546 874 3588 non
893 3524 975 3588 desit
991 3533 1024 3589 et
1040 3533 1202 3610 peccatum
1223 3547 1286 3589 non
1301 3523 1394 3588 desti-

188 3636 298 3692 tuatur
320 3628 447 3714 penitus
468 3625 646 3713 disciplina.
701 3629 859 3706 Quocirca
881 3626 920 3692 de
943 3627 1069 3714 speciali
1094 3628 1245 3693 mandato
1267 3627 1391 3694 domini

134 3732 136 3744 '
188 3754 270 3819 pape
292 3732 521 3797 committimus
546 3742 590 3814 ut,
607 3732 633 3796 si
656 3732 781 3817 culpam
799 3732 866 3797 eius
886 3732 1053 3798 manifesta
1069 3733 1181 3798 notitia
1197 3756 1261 3797 non
1277 3732 1391 3819 produ·

187 3836 231 3901 cit
247 3836 279 3900 in
297 3834 482 3901 scandalum
499 3836 533 3899 in
549 3835 693 3920 partibus
716 3837 840 3917 uestris,
857 3859 929 3900 cum
952 3837 1021 3922 ipso
1044 3837 1087 3902 sic
1105 3837 1138 3900 in
1156 3838 1307 3923 susceptis
1329 3837 1393 3899 iam

187 3938 357 4006 ordinibus
372 3938 560 4026 dispensetis
574 3938 660 4025 quod
684 3939 724 4004 ad
747 3939 984 4025 suscipiendum
1000 3942 1027 4005 ei
1045 3963 1175 4027 prorsus
1198 3939 1393 4004 interdicatis

187 4066 364 4110 ascensum.

524 4166 532 4195 ¹
544 4165 678 4232 Probably
691 4166 830 4217 Honorius
843 4166 895 4217 ΙΙΙ.
909 4167 1057 4232 (12]6-27).
