3098 5476
169 472 273 537 xxxiv
594 487 933 537 rrrraoouomou.

167 668 250 709 same
270 646 393 727 general
413 647 492 709 form
506 667 540 708 as
558 647 644 709 those
658 647 694 708 of
711 646 764 708 the
785 647 1007 728 Penitentiary,
1021 647 1172 728 granting
1187 647 1366 710 absolutione

168 745 229 806 and
244 745 464 824 dispensatione
487 745 519 804 in
533 744 705 806 individua]
725 764 805 805 cases
823 744 859 805 of
875 743 992 823 trifling
1015 753 1161 806 moment.
1207 744 1274 807 The
1288 746 1367 807 Peni-

169 841 303 920 tentiary
316 840 472 920 evidently
493 861 525 901 as
547 850 599 920 yet
613 861 673 901 was
695 849 748 903 not
770 841 945 921 recognized
971 861 1003 902 as
1024 841 1076 902 the
1097 862 1265 922 necessary
1282 863 1368 923 organ

170 939 206 1000 of
221 938 273 1000 the
287 936 380 1018 papal
394 938 550 1018 authority
565 938 597 997 in
612 937 696 999 these
710 937 853 999 matters}

203 1137 470 1204 ¹Notwithstanding
486 1138 558 1190 their
578 1138 718 1204 figurative
738 1138 868 1205 language
886 1138 938 1190 and
956 1139 1090 1191 laborious
1107 1139 1229 1207 striving
1247 1141 1315 1193 after
1330 1158 1369 1192 an·

169 1223 279 1288 tithesis,
292 1222 368 1274 there
385 1222 408 1273 is
424 1238 458 1273 an
470 1222 576 1274 archaic
591 1221 736 1288 simplicity
748 1222 777 1272 in
790 1221 835 1273 the
849 1222 939 1274 letters
952 1222 1092 1274 contained
1109 1222 1139 1274 in
1152 1223 1201 1276 the
1216 1223 1370 1291 Formulary

170 1306 258 1358 which
270 1323 353 1358 seems
363 1314 390 1357 to
402 1305 518 1356 indicate
536 1322 568 1356 an
581 1306 655 1371 early
667 1313 738 1371 stage
755 1305 784 1356 in
797 1305 843 1357 the
855 1305 987 1372 handling
997 1306 1028 1357 of
1042 1306 1089 1358 the
1106 1306 1237 1359 business.
1274 1309 1301 1360 lt
1317 1325 1370 1374 may

169 1390 259 1441 nothe
270 1388 384 1441 without
396 1389 505 1440 interest
516 1397 543 1440 to
555 1397 671 1440 contrast
682 1389 756 1440 them
769 1388 833 1440 with
852 1389 899 1441 the
916 1389 1080 1441 elaboration
1098 1391 1128 1441 ot*
1145 1390 1225 1443 those
1244 1390 1331 1444 issued
1345 1392 1369 1442 in

169 1473 215 1525 the
227 1472 397 1524 seventeenth
410 1479 526 1537 century.
561 1472 619 1523 The
630 1471 775 1538 following,
788 1472 830 1522 for
842 1472 959 1525 instance
973 1473 1095 1538 (Leone’s
1111 1473 1219 1539 Prusia,
1234 1492 1262 1541 p.
1276 1474 1370 1540 401l‚is

169 1556 296 1608 intended
303 1557 349 1610 for
361 1574 376 1607 a
387 1571 445 1607 case
457 1555 552 1606 almost
564 1554 690 1606 identical
702 1554 768 1606 with
780 1572 837 1606 case
849 1557 865 1605 3
877 1557 907 1606 of
922 1555 1012 1608 rubrio
1023 1570 1109 1607 nrt.-

204 1639 320 1691 “Frater
331 1639 466 1690 Antonius
484 1638 645 1690 Barberinus
663 1638 763 1690 Sancta
782 1639 907 1690 Romanae
924 1639 1047 1691 Ecclesiae
1064 1639 1208 1706 Presbyter
1225 1640 1371 1693 Cardinalis

169 1723 194 1775 S.
207 1723 337 1775 Honufrii
354 1722 489 1788 Religioso
502 1722 561 1773 viro
578 1721 705 1773 Generuli
722 1721 833 1773 Ordinis
850 1722 883 1772 N.
896 1722 1009 1774 salutem
1027 1723 1056 1774 in
1073 1723 1201 1775 Domino.
1238 1725 1286 1776 Ex
1303 1733 1370 1792 parte

170 1807 274 1860 Fratris
291 1807 326 1857 N.
339 1806 404 1857 dicti
422 1805 524 1856 ordinis
540 1805 617 1856 nobis
634 1805 723 1856 oblata
733 1804 828 1871 petitio
840 1806 993 1858 continebat
1003 1806 1082 1870 Quod
1098 1806 1156 1873 ipse
1169 1807 1238 1859 alias
1251 1808 1287 1860 ad
1298 1808 1371 1861 verba

169 1890 337 1945 altercatoria
356 1889 499 1941 deveniens
518 1906 578 1941 cum
599 1889 693 1941 Fratre
713 1890 746 1940 A.
768 1889 884 1955 ejusdem
907 1890 1058 1956 Religionis
1081 1890 1237 1957 presbytero
1259 1892 1370 1958 professo

168 1975 264 2028 leviter
276 1974 354 2025 illum
372 1972 513 2039 percussit;
533 1979 560 2023 et
571 1972 667 2024 deinde
684 1989 738 2023 non
755 1973 894 2025 advertens
912 1990 938 2025 se
955 1981 1096 2040 propterea
1113 1973 1142 2024 in
1159 1976 1371 2027 excommunica·

168 2059 269 2111 tionem
281 2057 404 2109 incidisse
422 2055 532 2107 Missam
544 2055 701 2120 celebravit;
720 2056 818 2108 idcirco
836 2073 863 2108 se
880 2057 961 2108 etiam
973 2056 1200 2123 irregularitatem
1211 2059 1371 2110 contraxisse

168 2143 258 2195 timet:
283 2149 309 2192 et
327 2157 343 2190 a
362 2139 416 2191 suis
434 2139 620 2205 Superioribus
640 2139 749 2205 insuper
769 2140 878 2206 punitus
898 2140 957 2191 fuit.
1001 2140 1068 2191 Cum
1089 2148 1178 2192 autern
1198 2141 1270 2193 sicut
1286 2142 1371 2194 eadem

167 2225 262 2293 petitio
274 2222 425 2275 continebat
436 2222 522 2274 dictus
533 2221 628 2273 Frater
640 2222 674 2273 N.
687 2222 720 2274 de
737 2223 877 2289 praemissis
894 2223 1042 2290 plurimum
1053 2222 1149 2288 doleat,
1162 2240 1310 2292 poenasque
1327 2224 1371 2276 sibi

167 2327 215 2377 per
233 2307 387 2374 Superiores
404 2306 536 2373 injunctas
555 2305 749 2372 adimpleverit,
768 2323 802 2358 ne
822 2324 874 2357 suae
892 2306 1030 2373 Religioni
1050 2306 1154 2373 sibique
1171 2323 1303 2360 onerosus
1324 2325 1372 2359 am·

169 2393 240 2460 plius
257 2391 298 2455 sit,
311 2406 371 2441 suos
388 2389 494 2441 ordines
506 2405 629 2441 exercere
644 2406 674 2440 ac
685 2406 846 2456 quaecunque
864 2407 916 2441 suae
928 2390 1079 2456 Religionis
1090 2389 1178 2442 officia
1189 2398 1218 2442 et
1229 2391 1371 2458 dignitates

169 2475 293 2541 consequi
309 2474 382 2525 licite
399 2489 474 2539 posse
491 2472 628 2537 desideret,
641 2489 689 2539 pro
704 2490 755 2524 suae
767 2473 931 2525 conscientia
948 2474 1037 2539 quiete
1054 2473 1129 2540 cupit
1140 2491 1157 2525 a
1168 2475 1315 2540 praemissis
1330 2492 1373 2542 per

169 2558 263 2610 Sedem
275 2557 457 2624 Apostolicam
469 2556 497 2606 in
509 2563 622 2622 utroque
634 2557 691 2607 loro
704 2556 813 2621 absolvi,
822 2574 961 2623 secumque
973 2557 1084 2623 desuper
1095 2556 1254 2623 dispensari.
1290 2560 1373 2623 Quare

169 2642 250 2694 etiam
259 2657 308 2709 pro
317 2647 392 2707 parte
402 2639 584 2691 Procuratoris
595 2640 726 2706 generalis
737 2640 854 2706 ejusdem
866 2641 975 2692 Ordinis
986 2639 1133 2707 supplicari
1144 2640 1223 2692 nobis
1235 2642 1374 2694 humiliter

169 2726 232 2777 fecit
244 2733 273 2776 ut
284 2740 363 2790 super
375 2723 418 2774 his
433 2722 466 2774 de
482 2732 631 2789 opportuno
650 2723 766 2775 remedio
778 2724 919 2790 providere
936 2724 1114 2790 dignaremur.
1148 2723 1206 2775 Nos
1224 2723 1318 2791 igitur,
1330 2724 1374 2792 qui

170 2807 377 2859 Paenitentiariae
386 2806 498 2857 Domini
510 2806 589 2873 Papae
598 2824 688 2858 curam
699 2807 815 2873 gerimus
828 2807 980 2874 hujusmodi
992 2806 1232 2874 supplicationibus
1245 2808 1373 2874 inclinati,

170 2890 332 2945 authoritate
350 2889 506 2957 Apostolica
525 2890 675 2956 specialiter
693 2891 769 2942 nobis
789 2907 914 2955 concessa,
936 2890 1089 2952 discretioni
1113 2898 1163 2942 tuoe
1183 2892 1375 2944 committimus

170 2983 300 3043 quatenus
317 2975 340 3026 si
357 2982 396 3026 est
408 2974 447 3024 ita
457 2973 559 3025 dictum
571 2973 691 3026 Fratrem
703 2975 737 3025 N.
750 2982 889 3041 postquam
903 2974 973 3026 dicto
991 2973 1040 3026 alii
1057 2973 1202 3040 Religioso,
1214 2975 1239 3026 si
1257 2975 1375 3028 nondum

169 3059 302 3123 satisfecit,
315 3058 477 3122 satisfecerit,
490 3058 534 3109 vel
551 3075 599 3124 per
616 3075 677 3109 eum
694 3075 747 3110 non
765 3058 867 3110 steterit
883 3058 1026 3124 quominus
1043 3057 1153 3109 arbitrio
1166 3065 1213 3110 tuo
1231 3059 1376 3124 satisfaciat

170 3150 355 3210 competenter,
368 3141 401 3193 ab
413 3142 694 3193 excommunicationis
711 3141 823 3208 aliisque
835 3141 978 3206 sententiis,
991 3141 1113 3206 censuris,
1127 3148 1153 3192 et
1164 3141 1251 3208 poenis
1264 3142 1376 3195 Ecclesi-

170 3226 258 3278 asticis
269 3243 334 3292 quas
351 3232 461 3291 propter
472 3224 606 3290 praemissa
623 3225 822 3291 quomodolibet
833 3225 953 3290 incurrit,
966 3231 993 3276 et
1004 3224 1153 3277 excessibus
1170 3224 1337 3292 hujusmodi,
1349 3226 1377 3278 in

170 3319 283 3376 utroque
294 3310 352 3359 foro
365 3309 485 3360 absolvas
502 3308 552 3359 hac
564 3308 621 3360 vice
639 3309 667 3358 in
679 3308 765 3359 forma
777 3308 961 3360 Ecclesiastica
972 3315 1103 3360 consueta.
1138 3308 1265 3374 Injuncta
1277 3308 1341 3361 inde
1352 3309 1377 3361 ei

171 3410 220 3460 pro
241 3392 319 3444 modo
338 3392 421 3458 culpae
441 3392 598 3458 poenitentia
617 3392 727 3443 salutari
747 3400 774 3443 et
793 3391 855 3443 aliis
874 3410 932 3458 quae
952 3391 1052 3443 luerint
1071 3391 1104 3443 de
1121 3391 1182 3459 jure
1202 3391 1377 3459 injungenda.

171 3478 285 3544 Ipsoque
303 3475 335 3527 ab
353 3475 531 3542 exequutione
548 3492 656 3526 suorum
668 3475 792 3527 ordinum
804 3492 936 3542 suspenso.
972 3476 1086 3527 Demum
1103 3492 1163 3527 cum
1175 3474 1269 3527 eodem
1283 3476 1378 3529 Fratre

172 3561 206 3612 N.
219 3559 376 3627 poenitentia
393 3558 436 3610 vel
455 3559 529 3610 illius
547 3567 622 3624 parte
639 3567 751 3625 peracta,
765 3576 795 3611 ac
812 3559 1016 3625 suffragantibus
1035 3558 1085 3610 sibi
1104 3558 1193 3624 dignis
1212 3559 1379 3626 poenitentiae

172 3642 301 3695 fructibus
317 3650 344 3693 et
360 3642 469 3707 meritis,
483 3642 589 3708 alioque
608 3642 633 3694 ei
653 3643 779 3694 canonico
800 3659 853 3693 non
871 3642 998 3707 obstante,
1017 3659 1096 3708 super
1113 3641 1314 3708 irregularitate
1331 3661 1380 3710 per

172 3744 234 3779 eum
252 3744 286 3778 ex
305 3724 445 3793 praemissis
462 3726 660 3792 quomodolibet
677 3734 816 3789 contracta,
830 3726 953 3792 quodque
971 3726 1021 3777 illa
1037 3733 1065 3777 et
1083 3725 1144 3776 aliis
1162 3725 1307 3792 praemissis
1324 3743 1379 3778 non

172 3810 342 3874 obstantibus,
355 3817 495 3875 postquam
507 3809 535 3860 in
548 3810 700 3877 hujusmodi
718 3810 888 3876 suspensione
905 3809 1007 3861 steterit
1019 3826 1066 3876 per
1078 3817 1182 3876 tempus
1199 3808 1315 3862 arbitrio
1332 3819 1379 3863 tuo

173 3893 347 3957 statuendum,
367 3893 396 3943 in
415 3891 469 3943 suis
486 3892 630 3958 ordinibus,
649 3894 729 3945 etiam
749 3893 777 3944 in
796 3893 899 3944 Altaris
917 3893 1066 3944 ministerio
1085 3892 1244 3957 ministrare,
1262 3900 1291 3944 et
1309 3911 1381 3960 quae·

173 3993 277 4042 cunque
294 3976 336 4027 sui
353 3976 463 4027 Ordinis
474 3976 560 4028 officia
571 3985 598 4028 et
609 3977 758 4042 dignitates,
772 3977 794 4028 si
813 3977 845 4027 ad
858 3976 907 4027 illa
919 3977 984 4028 alias
996 3976 1120 4028 canonice
1132 3983 1159 4028 et
1166 3975 1248 4042 juxta
1259 3976 1380 4043 ejusdem

174 4060 283 4112 Ordinis
298 4060 431 4126 regularia
442 4060 564 4111 instituta
582 4060 697 4126 eligatur
708 4061 752 4112 vel
771 4069 924 4125 assumatur,
937 4077 1029 4126 gerere
1047 4067 1074 4111 et
1088 4076 1218 4123 exercere,
1231 4075 1380 4128 vocemque

174 4144 288 4196 activam
308 4151 335 4194 et
354 4143 486 4209 passivam
504 4143 602 4194 habere
622 4144 695 4195 licite
715 4145 809 4208 valeat,
829 4143 1035 4195 misericorditer
1054 4143 1195 4209 dispenses,
1213 4159 1330 4209 eumque
1351 4144 1380 4196 in

174 4228 317 4295 pristinum
335 4234 432 4278 statum
451 4227 574 4278 restituas
592 4235 619 4278 et
636 4227 756 4293 plenarie
775 4227 927 4292 reintegres.
963 4227 1025 4278 Non
1044 4225 1207 4278 obstantibus
1227 4228 1379 4294 praemissis,

175 4329 204 4364 ac
223 4310 462 4363 Constitutionibus
480 4319 507 4362 et
525 4309 736 4362 ordinationibus
757 4311 919 4377 Apostolicis
938 4310 1089 4376 caterisque
1110 4309 1253 4362 contrariis
1270 4311 1381 4376 quibus·

174 4412 286 4462 cunque.
322 4394 421 4444 Datum
436 4394 534 4458 Romae,
548 4393 618 4460 apud
637 4395 661 4445 S.
674 4395 791 4459 Petrum,
805 4394 898 4445 Idibus
912 4394 931 4445 J
933 4394 1004 4445 uniis
1018 4393 1192 4445 Pontificatus
1210 4393 1380 4447 sanctissimi

175 4480 207 4530 D.
220 4478 325 4530 Urbani
337 4477 431 4529 Octavi
443 4478 523 4528 Anno
536 4476 691 4528 duodecimo
703 4478 717 4503 ''
757 4477 803 4543 [13
815 4479 834 4530 J
836 4494 879 4528 un.
892 4491 920 4528 A.
932 4492 959 4528 o.
974 4477 1063 4543 1635}

207 4562 265 4613 The
279 4561 461 4612 “satisfaction
470 4561 483 4586 ''
498 4569 524 4612 to
537 4561 583 4612 the
596 4561 702 4628 injured
713 4569 791 4628 party
804 4579 855 4612 was
867 4560 995 4627 probably
1007 4559 1126 4612 nominal
1144 4559 1262 4612 between
1274 4562 1380 4623 monks,

174 4647 221 4698 but
230 4646 307 4697 when
319 4663 335 4696 a
345 4645 452 4711 layman
464 4663 516 4697 was
527 4645 574 4697 the
585 4645 703 4697 offender
714 4645 766 4697 and
779 4646 825 4697 the
837 4645 920 4711 priest
931 4644 1076 4712 proceeded
1088 4645 1116 4695 in
1129 4644 1176 4696 the
1181 4645 1281 4709 forum
1293 4650 1382 4695 croter-
