3098 5476
169 499 212 562 52
298 514 432 566 XXXV.
454 514 506 560 DE
534 513 746 561 Haasrlco
775 513 935 561 sroNra
964 512 1250 561 conmanunt.

168 672 292 738 domini
323 695 403 759 pape
433 681 536 737 uastre
565 671 733 758 prudentie
762 673 994 736 committentes
1024 680 1180 758 quatenus
1211 671 1367 757 inquisitis

168 786 202 842 et
225 777 358 862 cognitis
381 776 459 862 quid
483 776 522 840 de
546 777 615 862 ipso
641 777 755 841 ueritas
779 776 1025 842 conuersationis
1047 775 1213 861 perhibeat
1237 784 1268 840 et
1292 775 1368 841 fame

169 881 387 946 testimonium
424 880 564 967 proferat
595 881 677 945 circa
707 880 812 964 fidem,
843 903 904 965 que
942 880 1128 945 inueneritis
1165 880 1227 945 sub
1261 880 1369 966 sigillis

170 987 283 1050 uestris
307 985 346 1049 ad
374 984 480 1050 sedem
503 985 709 1070 apostolicam
733 1007 790 1071 per
812 984 938 1049 fidelem
963 985 1111 1048 nuntium
1136 984 1367 1049 transmittatis.

629 1179 677 1223 na
700 1178 832 1225 sonan.
857 1159 915 1247 (3).

216 1314 421 1402 Archiepisoo
445 1314 676 1380 Mediolanensi
699 1323 730 1378 et
746 1314 838 1379 fratri
860 1313 892 1380 S.
908 1314 1008 1399 priori
1024 1315 1213 1400 prouinciali
1239 1315 1372 1380 fratrum

171 1418 402 1504 predicatorum
415 1419 448 1482 in
461 1417 665 1484 Lombardia.
713 1418 852 1483 Litteras
868 1429 989 1483 uestras
1000 1416 1129 1484 domine
1140 1418 1372 1504 archiepiscope

169 1532 202 1587 et
216 1522 351 1588 aliorum
367 1523 542 1609 proborum
556 1523 700 1587 uirorum
716 1523 936 1587 testimonium
951 1546 1009 1608 pro
1025 1521 1070 1588 H.
1087 1523 1263 1608 presbitero
1278 1523 1374 1588 latore

171 1627 365 1713 presentium
377 1627 549 1692 uenerabili
561 1628 644 1714 patri
659 1626 789 1692 domino
805 1627 850 1692 S.¹
863 1627 950 1692 tituli
965 1628 1063 1692 sancti
1080 1626 1186 1691 Marci
1201 1628 1374 1713 presbitero

172 1731 325 1796 cardinali
349 1732 548 1796 transmissas
570 1732 767 1818 inspeximus
789 1742 820 1796 et
836 1732 935 1818 ipsius
957 1732 1123 1817 presbiteri
1146 1731 1375 1798 confessionem

169 1835 352 1902 audiuimus
374 1836 549 1921 diligenter.
595 1836 681 1915 Quia
697 1859 771 1902 uero
786 1836 947 1922 negotium
971 1835 1044 1901 fidei
1066 1837 1221 1922 tangitur,
1239 1860 1279 1901 ne
1298 1836 1374 1922 quid

169 1939 211 2005 de
222 1941 476 2026 contingentibus
488 1940 676 2006 obmittatur
686 1940 863 2026 predictum
878 1939 922 2006 N.
935 1939 1010 2026 [sic]
1026 1940 1066 2005 de
1080 1940 1208 2027 speciali
1225 1941 1375 2007 mandato

172 2044 294 2109 domini
310 2068 391 2130 pape
412 2045 451 2109 ad
475 2068 533 2110 uos
555 2044 706 2109 duximus
730 2044 959 2109 remittendum
976 2054 1079 2109 uestro
1101 2044 1273 2131 prudentie
1293 2069 1375 2111 com-

173 2149 333 2214 mittentes
349 2159 502 2235 quatenus
517 2149 679 2235 inquisitis
694 2158 751 2214 etc.
765 2171 863 2235 usque
879 2148 1035 2235 deposuit,
1048 2151 1201 2213 attentius
1217 2151 1375 2237 prouisuri

62 2340 64 2344 .
171 2263 229 2318 etc.
246 2276 345 2339 usque
369 2254 508 2337 unitatis,
531 2264 562 2319 et
585 2253 671 2339 quod
697 2253 873 2318 innocentie
897 2254 1020 2339 puritas
1047 2264 1226 2320 commento
1254 2256 1375 2320 malitie

173 2380 237 2422 non
267 2358 458 2423 succumbat.
513 2359 668 2423 Tenorem
693 2367 799 2422 autem
825 2358 967 2443 ipsarum
993 2358 1174 2423 litterarum
1198 2368 1230 2424 et
1254 2359 1376 2425 confes·

171 2462 291 2526 sionem
313 2461 451 2527 eiusdem
474 2462 565 2527 uobis
587 2462 647 2526 sub
669 2461 776 2547 sigillo
799 2470 906 2527 nostro
928 2462 1122 2527 remittimus
1144 2463 1185 2527 ad
1209 2465 1374 2530 cautelam.

652 2658 815 2665 ,-.-.-...-.
828 2659 878 2663 -...,
893 2660 898 2663 .

696 2791 854 2858 XXXV.

279 2966 337 3030 Da
360 2967 547 3032 Huanrroo
570 2986 634 3043 our
656 2967 796 3034 Sporus
819 2967 1051 3034 Conarrurus
1074 2968 1265 3034 Ensoauu.

219 3122 377 3209 Episcopo
392 3122 574 3188 Caturcensi
590 3131 621 3187 et
633 3123 724 3187 frat-ri
741 3124 781 3188 R.
821 3122 952 3188 Auditis
967 3146 1028 3209 que
1043 3101 1077 3189 SJ
1085 3123 1167 3189 lator
1182 3126 1375 3209 presentium

174 3228 339 3313 proposuit
353 3250 458 3292 coram
474 3227 564 3292 nobis
580 3227 685 3314 ipsum
700 3227 739 3292 ad
756 3251 813 3293 uos
827 3227 978 3292 duximus
993 3226 1231 3309 remittendum,
1243 3230 1377 3295 auotori-

174 3341 239 3397 tate
254 3332 376 3397 domini
390 3355 471 3418 pape
493 3342 595 3397 uestro
617 3331 784 3418 prudentie
806 3334 1037 3397 committentes
1060 3332 1146 3419 quod
1168 3334 1195 3397 si
1219 3334 1377 3420 predictus

177 3437 210 3502 S.
234 3460 297 3502 non
320 3448 481 3501 accusatus
504 3459 559 3501 noo
581 3437 743 3502 conuictus
765 3437 819 3502 sed
842 3445 954 3523 sponte
976 3438 1138 3502 confessus
1160 3447 1206 3502 est
1230 3448 1261 3503 et
1284 3462 1377 3504 suum

175 3542 342 3606 confitetur
356 3564 493 3606 errorem
516 3551 545 3606 et
564 3564 599 3606 ea
617 3564 678 3626 que
700 3542 874 3627 exiguntur
888 3542 921 3605 in
938 3541 1065 3624 talibus,
1082 3542 1227 3607 abiurata
1249 3566 1378 3630 prorsus

105 3708 107 3713 .
176 3646 498 3732 heretica'prauitate‚
514 3646 554 3711 de
575 3646 785 3712 absolutionis
809 3647 957 3712 beneficio
979 3647 1069 3711 iuxta
1093 3648 1230 3712 formam
1254 3649 1377 3714 ecclesie

176 3750 368 3835 prouideatis
383 3751 494 3830 eidem,
506 3751 706 3837 iniungentes
721 3752 748 3815 ei
765 3752 971 3837 penitentiam
986 3752 1157 3817 salutarem
1168 3762 1199 3817 et
1210 3752 1274 3818 alia
1286 3761 1378 3839 prout

177 3855 210 3918 in
236 3854 394 3919 similibus
420 3878 547 3920 censure
570 3855 675 3920 debite
702 3856 816 3921 modus
846 3866 877 3920 et
903 3855 981 3921 ordo
1008 3856 1191 3942 deposcunt,
1217 3857 1377 3943 prouisuri

178 3959 404 4024 nichilominus
419 3983 480 4045 que
496 3959 536 4023 ad
553 3961 787 4024 munimentum
802 3960 876 4025 fidei
891 3968 946 4026 etc.

637 4156 685 4199 ou
707 4156 839 4200 uoonu.
865 4137 923 4223 (2).

221 4292 467 4378 Arohiepisoopo
499 4291 672 4356 Senonensi
702 4300 734 4356 et
761 4292 851 4356 fratri
876 4293 917 4356 R.
975 4293 1148 4379 Proposuit
1172 4293 1211 4359 B.
1239 4295 1379 4359 seruiens

176 4396 292 4461 nobilis
306 4396 368 4459 uiri
390 4394 529 4460 Simonis
544 4396 667 4460 comitis
684 4395 806 4461 Montis
822 4396 912 4461 fortis
928 4396 1010 4461 lator
1025 4398 1220 4483 presentium
1241 4398 1328 4484 quod
1344 4421 1380 4464 eo

210 4570 246 4622 lI
263 4588 311 4623 can
329 4571 384 4622 find
402 4572 430 4623 in
449 4571 602 4623 Ciacconius
619 4588 653 4623 no
671 4571 789 4623 cardinal
805 4571 888 4638 priest
905 4573 935 4623 ol
949 4572 985 4624 St.
998 4572 1079 4624 Mark
1095 4572 1193 4639 during
1210 4573 1265 4625 this
1288 4574 1380 4640 period

177 4654 241 4707 with
256 4655 301 4706 the
314 4655 403 4707 initial
415 4655 440 4706 S.
