3098 5476
105 463 109 477 ¹
173 493 237 558 100
546 507 997 558 uxxxvn1.-nxxx1x.

170 667 293 732 cubinis
329 667 506 732 habuerant
535 667 688 732 sententia
717 666 880 752 generalis,
911 667 979 753 ipse
1008 666 1179 734 destitutus
1209 668 1376 733 seruitutis

171 772 321 858 obsequio
346 770 507 857 quandam
530 793 627 857 quam
648 771 848 836 abiurauerat
869 770 910 836 ad
933 770 1095 836 domestici
1120 772 1377 837 familiaritatem

171 877 313 962 obsequii
329 899 394 942 non
417 875 459 941 ad
482 898 576 940 usum
590 874 725 941 carnalis
746 875 982 941 commixtionis
1004 875 1142 960 admisit,
1159 876 1274 942 diuina
1288 887 1376 963 post-

172 979 303 1046 modum
330 981 435 1045 minus
464 979 597 1066 prouide
626 979 785 1045 celebrans
815 1003 879 1046 non
906 979 1038 1046 solutus.
1099 980 1201 1067 Super
1226 1004 1292 1068 quo
1319 990 1377 1046 etc.

171 1082 242 1149 Nos
264 1095 368 1149 autem
393 1093 448 1151 etc.
471 1107 573 1170 usque
593 1083 779 1150 admittatis.

649 1277 895 1287 ——-——a

643 1395 899 1466 LXXXVIII.

172 1588 229 1653 Du
255 1606 301 1653 no
324 1607 387 1664 our
414 1586 646 1653 Ooumrnrun
672 1589 793 1653 Auno
818 1606 920 1664 cusu
947 1589 1186 1654 Courmnsur
1213 1589 1376 1654 errunn

664 1691 883 1756 Iurnrumu.

215 1884 375 1971 Episcopo
405 1883 609 1950 Niuernensi.
665 1884 853 1970 Recepimus
883 1884 1004 1950 litteras
1034 1907 1113 1970 quas
1142 1885 1243 1950 abbas
1274 1887 1372 1951 sancti

172 1987 308 2054 Martini
330 1986 539 2053 Ninernensis
563 1986 683 2054 ordinis
705 1988 805 2053 sancti
820 1987 1000 2074 Augustini
1016 2012 1075 2075 pro
1090 1990 1131 2056 R.
1148 1989 1291 2055 eiusdem
1315 1990 1374 2055 loci

171 2093 322 2158 canonico
337 2091 377 2157 ad
400 2091 505 2157 sedem
524 2091 728 2178 apostolicam
743 2091 922 2158 destinauit.
969 2093 1097 2161 Verum
1115 2094 1191 2179 quia
1213 2095 1281 2159 eius
1304 2118 1375 2159 con-

172 2197 264 2262 fessio
287 2195 471 2262 huiusmodi
494 2196 609 2262 litteris
632 2195 759 2261 uidetur
778 2218 844 2261 esse
865 2196 1023 2262 contraria
1045 2197 1225 2284 predictum
1241 2198 1284 2263 R.
1302 2223 1374 2263 cum

171 2299 287 2367 eisdem
314 2301 428 2366 litteris
458 2310 488 2366 et
513 2300 707 2366 confessione
736 2323 794 2365 sua
821 2310 928 2367 nostro
955 2301 1085 2367 inclusis
1114 2302 1222 2388 sigillo
1248 2303 1291 2368 ad
1319 2326 1376 2370 uos

170 2405 324 2470 duximus
353 2403 579 2470 remittendum
603 2405 788 2470 auctoritate
814 2403 936 2471 domini
962 2428 1044 2492 pape
1073 2416 1175 2472 uestre
1205 2407 1375 2493 prudentie

84 2566 87 2571 ,
171 2509 403 2574 committentes
433 2518 588 2596 quatenus
617 2509 643 2574 si
673 2508 819 2574 relationi
850 2509 991 2575 eiusdem
1022 2511 1226 2576 confessionis
1258 2513 1377 2578 ueritas

171 2613 364 2700 suffragatur
386 2613 527 2678 iniuncta
549 2614 577 2678 ei
600 2614 774 2699 penitentia
795 2622 852 2679 etc.
869 2636 968 2701 eoque
989 2614 1030 2679 ad
1052 2625 1178 2700 tempus
1201 2624 1259 2682 etc.
1277 2639 1376 2704 usque

171 2717 359 2783 admittatis.

632 2840 680 2886 uu
703 2840 836 2887 uoonu.
860 2823 918 2908 (2).

215 2997 376 3083 Episcopo
394 3035 534 3062 —.
581 2996 720 3062 Litteras
742 3007 862 3062 uestras
883 2998 1083 3082 presentibus
1106 2999 1294 3066 interclusas
1317 3023 1376 3086 pro

171 3135 292 3146 --
303 3100 402 3166 latore
416 3100 609 3186 presentium
620 3101 793 3187 recepimus
809 3101 938 3188 eiusque
953 3102 1180 3169 confessionem
1191 3103 1376 3169 audiuimus

170 3202 345 3290 diligenter.
374 3204 503 3272 Verum
514 3205 590 3291 quia
599 3205 699 3291 ipsius
710 3205 864 3271 confessio
877 3229 941 3271 non
953 3206 1151 3294 exprimebat
1160 3231 1270 3274 casum
1281 3230 1376 3294 quem

171 3307 349 3373 litterarum
369 3309 462 3375 series
484 3308 698 3396 pretendebat,
713 3309 814 3374 alium
832 3318 939 3375 tamen
958 3311 1111 3397 expressit
1132 3312 1224 3378 nobis
1245 3321 1376 3398 propter

119 3423 123 3434 '
169 3434 265 3498 quem
280 3413 386 3499 ipsum
401 3435 466 3479 non
482 3412 641 3479 credimus
656 3413 899 3500 irregularitatis
914 3414 1144 3502 impedimento
1158 3417 1270 3483 teneri.

669 3726 880 3792 LXXXIX.

299 3917 356 3981 Ds
379 3935 424 3982 no
447 3936 510 3993 our
532 3937 604 3982 pse
629 3918 765 3983 Frusos
789 3916 922 3984 Tusrns
945 3936 1008 3983 ssr
1031 3918 1244 3987 Oouvrcrus.

215 4091 374 4178 Episcopo
397 4093 539 4179 Ripensi.
585 4093 639 4158 Ex
662 4102 768 4158 tenore
794 4093 973 4159 litterarum
996 4103 1172 4160 uestrarum
1198 4097 1376 4182 accepimus

170 4194 256 4282 quod
279 4219 351 4260 cnm
373 4196 528 4282 presbiter
546 4196 629 4262 lator
645 4197 839 4284 presentium
863 4196 902 4262 de
925 4208 1026 4264 morte
1047 4197 1212 4264 cuiusdam
1236 4199 1375 4265 hominis

170 4300 352 4385 infamatus,
368 4300 486 4366 indicta
509 4301 569 4366 sibi
592 4301 781 4388 purgatione
803 4299 926 4386 defecit,
942 4325 978 4367 ac
1000 4302 1133 4388 quidam
1154 4325 1262 4369 eoram
1285 4305 1374 4370 uobis

169 4405 310 4470 iurantes
339 4405 445 4491 ipsum
468 4405 586 4492 peccati
613 4404 776 4471 homicidii
800 4429 891 4470 reum
915 4427 981 4472 esse
1007 4429 1065 4472 uos
1090 4406 1227 4472 eundem
1251 4419 1375 4474 senten-

170 4509 287 4575 tialiter
309 4508 412 4575 officio
438 4509 649 4596 beneficioque
672 4509 834 4595 priuatum
856 4509 897 4575 ad
924 4509 1029 4575 sedem
1052 4510 1258 4597 apostolicam
1281 4512 1374 4578 desti.

171 4613 269 4678 uastis
298 4635 451 4700 supereo
480 4612 649 4678 consilium
676 4614 861 4699 petiturum,
889 4613 974 4700 quod
1004 4613 1044 4679 de
1074 4614 1216 4701 predicto
1242 4616 1375 4681 crimine
