3098 5476
246 113 382 162 LXVII.
410 114 461 160 DE
489 112 731 160 SENTENTIA
757 111 857 160 POST
886 112 1262 161 APPELLATIONEM.
1334 96 1376 162 83

163 294 238 338 uos
259 269 442 336 huiusmodi
465 271 621 335 sententia
644 271 794 351 relaxata,
814 270 1008 357 supplicauit
1031 270 1196 336 humiliter
1218 279 1254 336 ut
1276 271 1302 336 si
1326 294 1384 357 pro

160 397 218 442 eo
239 375 326 462 quod
349 375 430 440 sicut
447 374 568 439 dictum
587 383 634 440 est
651 374 822 439 celebrauit
839 373 963 460 aliquid
986 375 1229 460 irregularitatis
1250 375 1385 440 incurrit

164 501 237 565 per
258 479 494 566 prouidentiam
516 477 599 544 sedis
621 479 790 565 apostolice
810 478 984 544 tolleretur.
1034 480 1192 558 Quocirca
1214 481 1385 544 committi-

172 605 253 650 mus
279 592 437 670 quatenus
466 582 492 648 si
519 581 612 647 dictis
639 583 755 648 veritas
786 582 978 666 suffragatur
1005 583 1044 648 ad
1073 584 1171 669 petita
1197 583 1312 669 prefati
1339 581 1383 649 N.

167 687 373 754 desiderium
396 686 581 752 admittatis.

641 914 690 960 nn
712 914 845 961 aonam.
871 897 928 983 (3).

223 1105 472 1192 Archiepiscopo
496 1105 728 1171 Terraconensi.
773 1141 905 1154 —-
919 1106 1035 1191 prioris
1058 1105 1167 1170 latoris
1190 1106 1384 1192 presentium

180 1209 292 1275 relatio
307 1209 489 1275 continebat
504 1208 590 1294 quod
609 1208 739 1295 quidam
756 1208 874 1273 iudices
896 1209 1031 1296 delegati
1055 1210 1088 1272 in
1112 1209 1218 1296 ipsum
1234 1219 1308 1296 post
1330 1233 1384 1297 ap-

179 1313 381 1400 pellationem
406 1313 448 1378 ad
470 1313 575 1378 sedem
597 1313 801 1400 apostolicam
821 1313 960 1399 legitime
984 1314 1179 1379 interiectam
1202 1337 1384 1380 excommu-

181 1418 348 1484 nicationis
374 1418 560 1482 sententiam
587 1418 839 1503 promulgarunt,
864 1428 896 1482 et
918 1417 990 1482 licet
1014 1419 1216 1503 postmodum
1244 1419 1384 1504 predicta

178 1523 335 1588 sententia
356 1522 544 1587 denunciata
568 1521 662 1586 firerit
685 1544 750 1587 esse
777 1521 866 1586 nulla
889 1533 920 1586 et
942 1523 1127 1608 principalis
1149 1525 1272 1608 questio
1295 1524 1382 1610 apud

179 1625 286 1692 sedem
305 1626 510 1713 apostolicam
524 1627 648 1709 rimata,
664 1627 739 1712 quia
754 1635 860 1690 tamen
878 1625 980 1692 medio
995 1635 1136 1712 tempore
1159 1629 1192 1691 in
1208 1629 1274 1693 suis
1297 1629 1383 1693 ordi-

181 1731 276 1796 nibus
298 1731 501 1814 ministrauit‚
517 1730 708 1816 supplimuit
723 1753 742 1795 a
757 1729 829 1794 sede
843 1730 1013 1816 apostolica
1029 1730 1158 1795 salutari
1175 1733 1236 1796 sibi
1252 1733 1384 1799 consilio

181 1834 353 1920 prouideri.
400 1835 470 1900 Nos
484 1843 588 1899 autem
605 1843 663 1898 etc.
679 1857 778 1921 usque
794 1844 949 1921 quatenus
967 1835 993 1899 si
1009 1844 1132 1900 constat
1146 1837 1301 1901 sententia
1316 1837 1385 1923 ipsa

180 1939 319 2005 tenuisse
342 1938 483 2025 predicta
508 1936 583 2026 [eie]
606 1961 670 2003 non
695 1939 845 2024 reputetis
869 1938 1027 2024 prefatum
1051 1941 1188 2024 priorem
1213 1964 1252 2005 ex
1275 1941 1384 2005 huius-

180 2043 268 2110 modi
292 2042 566 2109 administratione
591 2044 690 2107 teneri
702 2069 711 2124 ;
737 2042 879 2129 alioquin
906 2043 1047 2128 predicta
1072 2045 1227 2110 sententia
1251 2068 1308 2131 per
1332 2069 1384 2110 eos

179 2149 235 2234 qui
250 2148 396 2213 tulerunt
410 2147 552 2233 legitime
570 2147 721 2230 relaxata,
737 2147 913 2232 iniungatis
935 2148 963 2211 ei
986 2148 1194 2234 penitentiam
1211 2149 1384 2214 salutarem

178 2263 210 2318 et
224 2253 331 2339 ipsum
354 2251 396 2317 ad
418 2261 543 2337 tempus
566 2259 661 2337 prout
676 2251 825 2338 expedire
839 2251 985 2317 uideritis
1007 2275 1194 2337 suspensum
1210 2263 1266 2319 etc.
1285 2277 1384 2341 usque

179 2356 378 2443 dispensetis.

637 2512 685 2557 nn
709 2512 842 2559 nonen.
866 2494 924 2582 (4).

223 2703 471 2790 Archiepiscopo
486 2703 730 2768 Tarantasieusi.
777 2703 831 2767 Ex
855 2712 944 2790 parte
959 2705 981 2769 J
984 2758 990 2770 .
1006 2705 1172 2789 presbiteri
1194 2715 1297 2770 uestre
1317 2705 1384 2770 dio·

179 2809 257 2874 oesis
280 2807 343 2872 fuit
357 2806 556 2893 propositum
574 2829 680 2872 coram
704 2807 795 2872 nobis
818 2808 902 2893 quod
926 2831 998 2871 cum
1016 2809 1098 2873 inter
1113 2809 1219 2894 ipsum
1235 2818 1267 2874 et
1281 2831 1385 2896 quen-

178 2912 254 2978 dam
268 2913 408 2999 priorem
422 2933 516 2997 super
527 2912 724 2976 renotatione
738 2911 903 2976 cuiusdam
918 2913 1070 2977 sententie
1084 2936 1190 2978 coram
1205 2914 1237 2978 J.
1252 2914 1384 2999 eiusque

178 3017 309 3104 collegis
331 3017 455 3103 questio
478 3024 663 3097 uerteretur,
679 3016 764 3080 idem
787 3039 827 3080 ex
850 3017 910 3081 hoc
932 3017 1069 3082 sentiens
1093 3040 1124 3082 se
1145 3018 1275 3102 grauari
1296 3016 1383 3104 quod

178 3120 314 3208 predicti
329 3120 448 3186 iudices
470 3119 613 3205 rescripti
636 3120 759 3206 copiam
775 3119 982 3205 denegabant,
999 3120 1038 3185 ad
1058 3123 1162 3186 sedem
1178 3121 1383 3208 apostolicam

177 3224 365 3313 appellauit.
411 3224 559 3311 Cumque
581 3225 614 3287 in
630 3247 702 3288 eum
721 3224 881 3289 nolentem
898 3227 1037 3310 ipsorum
1063 3249 1173 3311 parere
1195 3225 1311 3292 iudicio
1327 3249 1383 3291 ex-

176 3328 471 3396 communicationis
494 3329 682 3394 seutentiam
698 3329 960 3415 promulgassent.
1007 3330 1083 3417 Ipse
1098 3330 1138 3395 de
1156 3331 1381 3418 appellationis

176 3434 315 3500 confisus
330 3432 467 3500 remedio
482 3433 594 3497 diuina
609 3432 711 3499 officia
726 3433 906 3500 celebrauit.
952 3434 1034 3499 Sane
1048 3458 1121 3499 cum
1137 3436 1216 3500 sicut
1232 3437 1384 3501 asseritur

178 3539 220 3604 sit
234 3538 446 3624 compositum
468 3538 551 3603 inter
567 3547 671 3623 partes
694 3548 725 3602 et
748 3547 877 3623 propter
892 3539 1074 3624 parochiam
1097 3541 1158 3604 sibi
1181 3541 1383 3606 commissam

178 3642 286 3709 sedem
299 3642 502 3729 apostolicam
519 3641 607 3706 adire
622 3665 686 3708 non
702 3643 801 3727 possit
815 3643 1062 3728 dispensationis
1083 3645 1219 3729 gratiam
1237 3646 1384 3710 obtentu-

179 3770 244 3831 rus,
261 3745 325 3811 fuit
339 3745 504 3811 humiliter
518 3746 714 3832 postulatum
729 3746 790 3811 sibi
814 3769 907 3833 super
922 3747 985 3812 hiis
1000 3747 1040 3813 de
1054 3749 1154 3834 ipsius
1170 3748 1384 3814 misericordia

180 3849 354 3917 subueniri.
399 3849 435 3914 N
435 3873 470 3916 os
485 3860 591 3915 autem
606 3861 662 3916 etc.
679 3859 835 3937 quatenus
851 3861 1019 3937 postquam
1034 3852 1137 3917 dictus
1152 3853 1215 3919 J.a
1230 3853 1384 3918 sententia

180 3953 364 4020 huiusmodi
386 3955 550 4020 absolutus
574 3955 624 4019 uel
647 3955 854 4020 denunciatus
878 3955 1051 4021 fi1eritnon
1068 3958 1177 4039 teneri,
1195 3957 1336 4021 iniuncta
1355 3958 1383 4021 ei

179 4069 235 4127 etc.
253 4081 353 4146 usque
367 4059 508 4142 obsistat,
524 4058 769 4144 dispensationis
785 4060 911 4124 ianuam
928 4062 1076 4147 aperiatis
1091 4061 1205 4128 eidem.
