3098 5476
568 560 979 611 uxrem-LXXXIII.

675 824 871 889 LXXXII.

599 1017 656 1080 Da
680 1016 944 1082 Iucuunrnans.

216 1193 378 1279 Episcopo
392 1229 533 1258 —.
579 1191 709 1256 Humili
729 1191 820 1257 nobis
834 1230 966 1240 -—
980 1192 1134 1278 presbiter
1149 1192 1232 1258 lator
1245 1214 1373 1279 presen-

178 1297 255 1362 tium
269 1296 463 1362 confessione
479 1296 668 1362 monstrauit
680 1294 765 1382 quod
780 1295 942 1360 cuiusdam
960 1295 1142 1382 parochiani
1157 1298 1206 1362 sui
1221 1297 1374 1362 molestiis

177 1423 319 1467 accensus
345 1400 386 1466 ad
412 1401 492 1466 iram
513 1400 643 1465 domum
667 1400 876 1466 molestatoris
901 1400 1051 1483 incendit,
1074 1411 1105 1465 et
1129 1410 1224 1467 uento
1246 1401 1375 1466 flamma

176 1505 288 1570 diffirsa
311 1505 351 1570 de
375 1505 556 1592 propinquo
580 1503 725 1570 incendio
749 1503 863 1570 domus
887 1514 935 1570 est
955 1505 1060 1569 uicina
1083 1527 1239 1570 succensa.
1286 1505 1375 1571 Licet

176 1609 256 1674 enim
273 1609 459 1674 incendiarii
481 1608 521 1674 de
543 1608 766 1675 consuetudine
789 1617 869 1673 terre
891 1609 1020 1674 uinculo
1043 1609 1107 1674 sint
1122 1610 1395 1675 excommunica?

175 1713 268 1779 tionis
290 1714 420 1796 astricti,
436 1714 504 1800 ipse
525 1722 631 1778 tamen
647 1712 775 1778 miscuit
790 1736 823 1780 se
837 1712 966 1796 diuinis,
981 1736 1022 1778 ne
1043 1714 1234 1778 abstinentia
1250 1713 1374 1780 diuino-

175 1840 244 1882 rum
267 1840 431 1884 excessum
453 1817 609 1905 proferret
631 1817 665 1881 in
687 1817 850 1904 publicum
878 1840 972 1904 quem
999 1818 1154 1899 retinebat
1175 1820 1373 1906 presumptio

175 1923 205 1986 in
228 1922 361 2006 occulto,
376 1932 407 1987 et
429 1923 473 1987 sic
494 1922 573 1987 dum
595 1923 743 1987 exteriori
765 1922 895 2008 obsequi
919 1923 1021 1988 uoluit
1043 1923 1222 1987 interiorem
1245 1922 1373 1988 uidetur

175 2025 334 2091 hominem
355 2036 543 2113 persecutus.
588 2026 621 2091 N
624 2049 685 2091 unc
706 2036 811 2091 autem
827 2025 868 2090 ad
892 2027 1055 2114 utriusque
1078 2026 1215 2092 hominis
1238 2028 1373 2093 salutem

175 2130 339 2196 intendens
370 2140 405 2195 ut
434 2131 554 2213 asserit,
584 2130 777 2216 supplicauit
806 2131 915 2218 utique
944 2130 1110 2215 medelam,
1138 2140 1173 2196 ut
1202 2141 1374 2218 utrumque

174 2233 365 2321 dispensatio
380 2234 505 2318 releuet‚
521 2244 552 2300 et
567 2234 756 2300 alterutrum
772 2235 947 2320 desperatio
970 2258 1034 2301 non
1056 2234 1239 2301 confundat.
1286 2236 1373 2315 Quia

174 2361 248 2405 uero
266 2348 298 2404 et
317 2339 433 2404 factum
457 2349 488 2405 et
504 2339 579 2404 facti
603 2339 854 2404 circumstantias
875 2340 1113 2425 circumspectio
1136 2349 1239 2405 uestra
1262 2341 1373 2407 melius

173 2442 436 2528 comprehendere
457 2444 574 2530 poterit
588 2466 661 2508 eum
683 2443 724 2508 ad
746 2466 804 2509 uos
826 2444 917 2509 iuxta
940 2444 1076 2509 formam
1091 2444 1217 2509 ecclesie
1238 2445 1373 2510 remitti-

173 2570 242 2612 mus
265 2548 445 2614 absolutum
466 2548 652 2613 auctoritate
671 2547 794 2613 domini
816 2570 896 2635 pape
919 2557 1021 2614 uestre
1042 2549 1209 2634 prudentie
1228 2550 1373 2616 commit

172 2661 272 2718 tentes
294 2662 449 2738 quatenus
470 2662 542 2739 post
555 2675 727 2738 congruam
747 2652 993 2718 satisfactionem
1011 2652 1224 2739 dampnorum
1239 2663 1270 2719 et
1284 2655 1373 2741 peni·

172 2757 303 2822 tentiam
319 2765 545 2844 competentem
560 2757 665 2843 ipsum
680 2757 707 2821 si
722 2756 748 2821 ei
766 2757 831 2822 uite
848 2757 995 2821 meritum
1011 2766 1042 2822 et
1057 2757 1140 2823 fame
1154 2759 1372 2825 testimonium

172 2860 399 2946 suffragabitur
422 2860 572 2948 aliudque
597 2861 781 2925 canonicum
810 2883 874 2926 non
901 2861 1034 2926 obsistat
1059 2860 1100 2925 ad
1129 2861 1372 2946 dispensationis

171 2966 306 3051 gratiam
329 2964 523 3047 admittatis;
547 2963 632 3051 quod
655 2965 682 3030 si
707 2964 788 3030 forte
809 2964 849 3029 de
871 2963 1019 3050 dampnis
1043 2988 1107 3030 non
1129 2965 1313 3031 satisfecerit
1335 2975 1371 3031 ut

170 3077 304 3152 tenetur,
327 3068 461 3134 eundem
483 3069 516 3133 in
539 3069 872 3134 excommunicationis
894 3070 1061 3134 uinculum
1083 3069 1248 3136 reducatis.

662 3395 878 3460 LXXXIII.

243 3571 248 3578 ¹
296 3587 354 3652 Du
377 3586 662 3654 Ouuounrraans
684 3586 1008 3653 Exooununrclrrs
1030 3575 1054 3652 A'
1078 3588 1244 3653 Luonrrs.

216 3762 376 3849 Episcopo
405 3801 546 3830 —-.
615 3802 748 3812 -—
784 3763 959 3849 presbitero
991 3764 1167 3850 accepimus
1200 3765 1368 3835 intimante

171 3865 257 3953 quud
287 3889 360 3931 cum
385 3867 467 3932 bone
496 3868 645 3932 memorie
674 3867 824 3932 dominus
855 3867 958 3933 Guala
987 3867 1074 3933 tituli
1104 3869 1203 3934 sancti
1235 3867 1368 3934 Martini

172 3971 325 4059 presbiter
340 3970 509 4037 cardinalis
531 3973 563 4036 in
579 3972 722 4059 partibus
745 3972 909 4059 gallicanis
932 3972 1099 4059 legationis
1115 3973 1250 4059 fungens
1265 3973 1367 4040 officio

172 4076 203 4140 in
231 4076 468 4142 concubinarios
498 4076 687 4162 presbiteros
716 4078 1049 4144 excommunicationis
1079 4079 1266 4143 sententiam
1293 4101 1368 4164 pro·

172 4179 352 4267 mulgasset‚
375 4180 460 4245 idem
480 4190 556 4245 tunc
577 4182 729 4266 temporis
752 4181 784 4244 in
809 4180 990 4246 huiusmodi
1014 4181 1173 4246 lubricum
1195 4183 1298 4247 carnis
1321 4192 1368 4247 est

172 4283 279 4371 lapsus
304 4294 335 4349 et
361 4285 491 4371 ignarus
517 4286 670 4350 sententie
696 4285 895 4371 promulgate
926 4308 990 4351 non
1015 4286 1170 4351 abstinuit
1196 4309 1215 4350 a
1240 4286 1368 4352 diuinis.

172 4387 256 4454 Oum
277 4397 384 4454 autem
399 4411 488 4454 casus
509 4387 649 4454 eiusdem
666 4388 707 4454 ad
731 4399 868 4455 uestram
885 4391 1030 4455 notitiam
1045 4391 1245 4476 peruenisset,
1263 4391 1369 4477 ipsum

172 4493 254 4558 asui
277 4493 458 4559 executione
476 4493 569 4558 officii
593 4494 811 4580 suspendistis.
858 4494 984 4562 Verum
1000 4517 1072 4559 cum
1088 4494 1172 4558 idem
1187 4493 1228 4559 ad
1245 4493 1370 4580 frugem

173 4597 311 4662 melioris
326 4598 391 4662 uite
412 4620 581 4663 conuersus
603 4598 794 4663 continentie
816 4598 945 4684 cingulo
963 4599 1128 4664 strinxerit
1143 4598 1270 4664 lumbos
1285 4620 1368 4679 suos,

172 4701 354 4788 supplicasti
381 4723 505 4767 summo
528 4703 671 4788 pontifici
697 4712 733 4767 ut
753 4725 824 4766 curn
851 4723 890 4768 eo
914 4724 1008 4788 super
1034 4703 1096 4767 hiis
1127 4701 1370 4768 misericorditer
