3098 5476
322 558 381 606 rv.
409 557 459 603 nn
489 554 680 602 SYMONIA
709 533 921 602 conmissa
949 554 995 600 ru
1024 553 1201 601 caurus.
1292 555 1294 560 ·
1325 538 1363 599 11

207 959 264 1022 Da
288 957 457 1023 quonrn
481 958 663 1022 Corrmssa
686 974 726 1018 nt
750 955 894 1019 Oramus
923 973 968 1019 no
991 974 1054 1030 qur
1077 955 1332 1019 Paouounrun.

215 1113 373 1199 Episcopo
397 1112 652 1178 Olaromontano
700 1111 736 1176 B.
759 1111 923 1195 presbiteri
948 1110 1056 1174 latoris
1078 1109 1269 1196 presentium
1293 1131 1368 1172 con-

170 1218 264 1282 fessio
287 1217 466 1282 continebat
489 1213 575 1302 quod
600 1215 683 1279 idem
707 1214 784 1279 olim
808 1215 841 1277 in
866 1213 1041 1278 minoribus
1064 1213 1230 1278 ordinibus
1251 1211 1367 1277 cousti-

168 1332 260 1386 tutus
274 1320 315 1385 ad
327 1323 589 1407 presentationem
601 1319 723 1384 abbatis
732 1319 772 1382 de
783 1356 914 1366 —
923 1319 974 1382 cui
984 1319 1071 1404 prior
1080 1311 1178 1403 ipsius
1187 1319 1369 1384 monasterii

169 1427 291 1490 amicus
314 1424 453 1489 eiusdem
473 1424 638 1510 presbiteri
661 1423 717 1508 xiij
742 1423 798 1488 sol.
814 1423 950 1508 piscium
969 1424 999 1485 in
1020 1423 1167 1486 exenium
1189 1422 1278 1487 nulla
1295 1447 1369 1510 pac-

170 1532 257 1595 tione
281 1552 335 1593 seu
359 1528 538 1605 conditione
564 1528 673 1613 preuia
697 1528 796 1613 gratis
823 1526 949 1608 obtulit,
966 1526 1076 1592 eodem
1092 1529 1369 1612 —penitus

172 1636 338 1720 ignorante
349 1655 472 1719 paruos
485 1633 546 1697 fuit
556 1633 588 1695 in
598 1631 835 1717 subdyaconum
847 1630 1020 1696 ordinatus.
1053 1630 1157 1716 Super
1170 1630 1263 1720 [quo]
1278 1656 1370 1718 apos·

170 1738 264 1803 tolice
279 1737 360 1802 sedis
371 1737 571 1801 clementiam
583 1736 661 1801 adiit
673 1735 837 1821 postulans
848 1736 1016 1800 consilium
1028 1735 1175 1801 salutare.
1211 1736 1369 1815 Quocirca

171 1843 211 1907 dc
227 1841 355 1928 speciali
380 1841 529 1905 mandato
545 1840 667 1905 domini
683 1862 764 1926 pape
785 1840 981 1904 consulimus
996 1850 1151 1926 quatenus
1174 1841 1201 1905 si
1223 1840 1372 1926 predictis

173 1948 289 2011 ueritas
315 1946 508 2030 suffragatur
532 1944 683 2031 aliudque
708 1943 894 2008 canonicum
922 1966 985 2007 non
1013 1944 1154 2026 obsistat,
1182 1944 1372 2030 permittatis

172 2052 279 2137 ipsum
297 2051 328 2112 in
349 2050 533 2114 executione
554 2048 654 2134 ipsius
677 2048 798 2112 ordinis
820 2056 852 2112 et
865 2048 1002 2112 aliorum
1026 2071 1105 2134 quos
1127 2049 1186 2112 rite
1209 2072 1242 2114 se
1263 2050 1374 2114 asserit

173 2155 330 2240 recipisse,
358 2154 455 2218 libere
487 2152 675 2236 ministrare,
703 2175 775 2215 cum
802 2152 892 2216 nulla
916 2175 989 2215 eum
1016 2174 1097 2237 pena
1123 2153 1237 2239 punire
1263 2153 1374 2219 debeat

172 2282 270 2346 quem
294 2258 388 2344 culpa
410 2257 519 2343 aliqua
541 2281 605 2322 non
628 2256 825 2322 condemnat.

632 2447 680 2492 nn
704 2447 834 2493 nonan.
860 2427 918 2514 (2).

221 2606 381 2693 Episcopo
406 2603 655 2690 Pampilonensi.
711 2603 819 2667 Habet
846 2605 976 2668 assertio
1007 2604 1172 2688 presbiteri
1201 2606 1238 2669 P.
1266 2605 1377 2670 latoris

174 2709 370 2797 presentium
394 2707 480 2794 quod
507 2708 586 2772 dum
610 2707 688 2772 olim
716 2716 796 2772 esset
820 2708 852 2770 iu
884 2707 1114 2773 subdiaconum
1141 2710 1376 2794 promouendus

175 2851 309 2863 ——
338 2813 436 2877 frater
466 2835 543 2877 suus
568 2849 700 2860 —-—
731 2811 993 2897 archipresbitero
1023 2812 1079 2898 qui
1109 2812 1243 2878 debebat
1272 2815 1377 2900 ipsum

175 2920 324 3005 episcopo
339 2927 518 3003 presentare
539 2915 636 2980 soluit
650 2915 811 3001 quandam
827 2917 957 3001 pecunie
973 2916 1199 3003 quantitatem:
1222 2918 1266 2983 sic
1281 2919 1377 3005 quod,

175 3022 289 3089 ordine
308 3021 552 3087 subdiaconatus
574 3030 747 3105 assumpto,
764 3043 877 3106 expers
899 3020 992 3106 culpe
1008 3031 1038 3086 et
1054 3022 1125 3086 uitii
1140 3045 1271 3107 prorsus
1285 3024 1377 3109 igna-

177 3150 242 3210 ruS,
259 3127 339 3191 alios
361 3149 465 3191 sacros
487 3125 657 3212 assumpsit
680 3136 711 3189 et
733 3112 928 3190 ministrauit
943 3125 1169 3192 nichilominus
1192 3128 1224 3190 in
1247 3128 1375 3193 eisdem.

176 3229 304 3296 Verum
327 3254 399 3295 cum
423 3230 554 3316 pecunie
577 3228 715 3315 predicte
737 3230 852 3295 solutio
868 3240 940 3316 post
954 3230 1041 3316 longi
1064 3232 1216 3316 temporis
1239 3233 1377 3316 spatium

177 3335 219 3410 ad
245 3336 313 3400 eius
340 3335 485 3399 notitiam
511 3333 704 3420 peruenisset
729 3343 831 3398 ratum
858 3357 921 3400 nou
949 3334 1060 3399 habuit
1085 3335 1171 3421 quod
1197 3335 1309 3400 datum
1333 3338 1378 3401 sic

175 3439 285 3504 extitit
308 3462 364 3504 nec
386 3440 583 3504 restitutione
602 3461 786 3523 cognoscere
806 3438 909 3504 uoluit
924 3439 969 3503 sic
989 3439 1129 3504 solutum
1150 3463 1206 3504 nec
1228 3441 1378 3526 preterito

178 3544 263 3608 uicio
293 3544 436 3630 sequenti
474 3543 720 3609 communicauit
749 3565 886 3626 assensu,
918 3544 1097 3629 quinimmo
1126 3545 1166 3609 ab
1197 3546 1379 3610 executione

179 3646 331 3713 ordinum
355 3656 552 3733 receptorum
568 3647 748 3712 uoluntaria
772 3647 975 3732 suspensione
997 3649 1137 3714 cessauit.
1182 3647 1252 3714 Nos
1273 3659 1378 3714 autem

175 3763 237 3817 etc.
255 3761 409 3836 quatenus
431 3752 458 3816 si
481 3760 528 3816 est
550 3751 594 3815 ita
617 3760 648 3816 et
670 3750 812 3836 predicto
831 3791 963 3818 -,-
984 3752 1049 3817 uite
1072 3754 1220 3817 meritum
1244 3765 1274 3817 et
1298 3754 1380 3818 fame

179 3855 398 3921 testimonium
425 3855 649 3941 suffragantur,
672 3855 735 3919 alio
762 3857 911 3920 canonico
938 3879 1001 3920 non
1027 3856 1182 3940 obstante,
1208 3857 1313 3943 ipsum
1339 3857 1379 3922 ad

133 4049 141 4067 ο
178 3960 427 4045 dispensationis
442 3960 576 4046 gratiam
593 3959 792 4024 admittatis.¹

214 4134 223 4165 ¹
236 4136 268 4186 In
281 4135 354 4189 these
365 4152 435 4186 cases
446 4134 498 4185 and
515 4134 544 4184 in
556 4151 627 4186 some
641 4136 672 4186 of
687 4134 732 4186 the
749 4135 906 4201 subscquent
917 4152 980 4186 ones
991 4137 1066 4187 there
1078 4137 1101 4187 is
1112 4137 1268 4188 manifestcd
1285 4155 1301 4188 a
1313 4146 1381 4189 most

178 4219 305 4272 sensitive
323 4218 573 4270 conscientiousness
590 4236 617 4269 as
634 4226 661 4269 to
679 4219 725 4269 the
742 4217 846 4284 simony
858 4219 888 4269 of
902 4218 1002 4285 paying
1019 4220 1156 4285 anything,
1169 4220 1281 4286 directly
1293 4238 1324 4272 or
1340 4221 1381 4272 in-

180 4302 300 4368 directly,
312 4303 354 4362 for
373 4301 551 4368 presentation
572 4309 599 4352 to
618 4301 683 4367 holy
701 4298 797 4352 orders.
819 4302 899 4353 'This
921 4303 1104 4354 sensitivcness
1124 4303 1171 4354 did
1191 4312 1238 4355 not
1259 4305 1308 4356 last
1327 4305 1379 4356 and

177 4387 246 4439 such
266 4393 403 4453 payments
421 4385 526 4437 became
545 4403 561 4436 a
579 4391 674 4436 matter
692 4386 722 4435 of
737 4402 835 4437 course.
870 4385 958 4437 When
978 4386 1054 4450 Jean,
1073 4387 1174 4452 Bishop
1193 4388 1223 4438 os
1244 4387 1331 4454 Liege,
1351 4389 1379 4438 in

181 4470 255 4535 1447,
267 4469 432 4521 endeavored
449 4477 476 4520 to
488 4476 526 4521 set
538 4468 639 4519 bounds
650 4477 677 4519 to
690 4469 736 4520 thc
748 4469 839 4520 abuses
850 4470 879 4520 of
894 4468 937 4520 his
954 4470 1087 4535 episcopal
1098 4477 1180 4534 court,
1193 4488 1290 4537 among
1301 4472 1379 4523 other

181 4554 293 4605 reforma
303 4552 391 4604 which
413 4553 447 4604 he
467 4552 605 4603 instituted
622 4569 674 4602 was
694 4570 710 4603 a
729 4552 874 4603 limitation
895 4560 921 4602 to
941 4553 982 4603 six
1002 4553 1089 4616 ucrossi
1107 4554 1137 4603 of
1154 4553 1201 4605 the
1221 4555 1318 4620 charge
1338 4556 1379 4605 for

181 4636 360 4703 presentation
383 4644 411 4687 to
430 4635 495 4701 holy
515 4635 611 4699 orders,
633 4635 685 4686 and
708 4636 751 4686 his
774 4636 935 4702 regulations
955 4654 1023 4688 were
1043 4636 1186 4688 confirmed
1206 4637 1235 4688 in
1257 4637 1320 4688 1451
1345 4638 1379 4704 by

182 4719 312 4772 Nicholas
322 4719 465 4772 V.-Surii
477 4719 618 4771 Concilior.
631 4720 661 4771 Τ.
675 4718 725 4771 IV.
738 4736 763 4785 p.
777 4720 827 4769 502
841 4718 901 4782 (Ed.
915 4720 1006 4770 Colon.
1020 4720 1133 4786 Agripp.
1147 4720 1233 4784 1567).
