3098 5476
478 521 598 572 (lXIX.
626 523 676 569 Du
706 521 933 570 PuaJURIO.

563 782 612 828 on
634 782 768 829 nouam.
794 764 852 851 (2).

150 939 315 1027 Episcopo
335 977 476 1004 --.
522 975 652 989 --
675 937 839 1025 presbiteri
862 939 971 1004 latoris
986 940 1180 1025 presentium
1196 939 1309 1025 petitio

97 1044 288 1110 continebat
317 1041 403 1130 quod
433 1042 501 1128 ipse
526 1043 602 1107 olim
629 1042 792 1129 quandam
821 1043 953 1128 pecunie
983 1066 1140 1108 summam
1171 1044 1308 1108 termino

99 1157 237 1231 statuto,
268 1148 348 1212 sicut
376 1146 503 1211 cuidam
533 1146 680 1211 creditori
710 1146 887 1212 iuramento
917 1149 1113 1233 promiserat,
1138 1149 1213 1234 quia
1245 1171 1308 1213 non

100 1251 212 1339 potuit
237 1275 301 1318 non
323 1251 484 1337 persoluit.
529 1251 657 1318 Verum
679 1251 754 1336 quia
778 1250 817 1315 de
841 1251 1018 1317 iuramento
1042 1252 1172 1338 prestito
1197 1252 1310 1317 metuit

102 1356 276 1422 consilium
299 1378 394 1441 super
416 1354 474 1420 hoc
503 1355 673 1440 apostolice
702 1355 784 1420 sedis
813 1354 901 1420 adiit.
962 1356 1049 1435 Quia
1072 1379 1148 1422 uero
1172 1357 1310 1442 promis-

102 1460 204 1526 sionis
226 1468 440 1545 transgressor
461 1460 569 1524 cesseri
590 1458 739 1546 [cessare]
762 1482 827 1524 non
849 1458 950 1543 debet,
970 1461 1019 1524 cui
1045 1469 1079 1525 ut
1100 1460 1178 1525 dicit
1201 1460 1319 1545 inopia>

103 1565 349 1651 possibilitatem
373 1563 501 1647 ademit,
521 1587 583 1629 nou
609 1563 766 1628 credimus
791 1565 894 1649 ipsum
921 1574 1083 1650 peccatum
1104 1564 1239 1651 periurii
1262 1565 1309 1627 iu-

103 1669 250 1750 currisse,
273 1691 338 1733 non
361 1678 466 1732 tamen
489 1668 641 1733 liberatur
663 1690 682 1731 a
704 1667 810 1732 debito
832 1669 910 1754 quin
934 1668 1105 1734 satisfaciat
1127 1677 1164 1733 ut
1185 1677 1310 1733 tenetur

104 1775 133 1838 si
156 1772 198 1838 ad
222 1772 346 1858 frugem
370 1772 496 1837 fortune
518 1772 697 1858 peruenerit
712 1773 899 1858 pinguioris.

646 2067 778 2136 CXIX.

574 2260 630 2323 Da
654 2259 844 2325 Parmam.

151 2436 312 2522 Episcopo
328 2435 496 2500 Asisinati.
544 2436 609 2500 Pro
632 2436 771 2521 periurio
793 2474 924 2484 --
946 2435 1155 2521 presbiterum
1179 2436 1311 2501 latorem

107 2540 302 2626 presentium
318 2539 400 2604 sicut
410 2539 592 2604 audiuimus
608 2539 648 2603 ab
663 2538 765 2604 officio
781 2548 811 2603 et
823 2539 973 2604 beneficio
988 2540 1206 2625 suspendistis,
1216 2562 1312 2625 super

108 2666 171 2731 quo
187 2644 312 2729 uirgam
334 2644 433 2729 patris
456 2644 552 2708 sensit
567 2644 600 2706 in
620 2666 711 2729 pena,
728 2642 780 2707 sed
804 2642 844 2707 ad
867 2643 964 2708 ubera
986 2645 1096 2709 matris
1118 2645 1237 2730 aspirat
1252 2667 1311 2730 pro

109 2749 211 2831 uenia,
235 2757 272 2813 ut
294 2757 365 2834 post
388 2748 456 2811 uini
481 2747 614 2832 rigorem
639 2747 699 2812 olei
723 2748 836 2812 sentiat
860 2747 1077 2813 lenimentum.
1125 2749 1212 2827 Quia
1236 2771 1311 2814 uero

107 2850 146 2916 de
168 2850 346 2938 precedenti
369 2851 645 2938 circumspectione
667 2851 846 2936 colligimus
867 2850 944 2937 quid
960 2851 998 2916 de
1014 2852 1122 2917 futura
1138 2875 1309 2939 speremus,

108 2956 269 3042 prefatum
284 2955 469 3020 —ad
492 2979 549 3021 uos
572 2955 725 3020 duximus
747 2955 973 3021 remittendum
995 2965 1097 3021 uestre
1111 2956 1311 3043 prouidentia

107 3061 339 3126 committentes
360 3068 396 3124 ut
418 3083 489 3124 cum
513 3059 708 3124 satisfactum
733 3060 827 3123 fuerit
851 3060 939 3145 uirge
961 3083 1075 3124 manne
1096 3061 1232 3146 gratiam
1256 3084 1312 3146 per

107 3164 351 3250 dispensationis
377 3163 611 3249 prouidentiam
634 3173 729 3248 prout
751 3163 899 3249 expedire
921 3163 1067 3229 uideritis
1093 3188 1157 3229 non
1180 3166 1309 3250 negetis.

108 3267 151 3332 In
167 3266 263 3332 archa
278 3268 362 3332 enim
378 3267 492 3332 federis
507 3278 537 3332 et
554 3269 644 3353 uirga
659 3267 879 3332 continebatur
894 3278 924 3332 et
940 3292 1056 3333 manna
1072 3269 1156 3332 utin
1174 3269 1310 3355 pastoris

107 3395 218 3460 pecore
239 3394 343 3436 comes
365 3373 406 3437 sit
421 3371 634 3437 misericordia
656 3372 832 3457 discipline,
849 3384 1004 3458 quatenus
1027 3382 1138 3438 mutua
1156 3373 1309 3439 substitu-

102 3479 193 3542 tione
210 3476 370 3541 uallentur
384 3499 424 3540 ne
440 3497 505 3540 una
520 3476 586 3540 sine
601 3476 700 3540 altera
714 3476 921 3562 relinquatur.

569 3688 617 3732 un
640 3672 772 3735 nouam.
797 3670 854 3757 (2).

152 3844 402 3930 Archiepiscopo
425 3844 606 3911 Cusentino.
653 3844 694 3909 A.
711 3845 865 3930 presbiter
881 3844 963 3909 lator
977 3847 1170 3930 presentium
1191 3846 1308 3910 humili

107 3949 201 4014 nobis
226 3949 420 4014 confessione
445 3950 635 4014 monstrauit
660 3949 746 4035 quod
772 3972 830 4014 uos
856 3950 932 4014 olim
960 3951 1118 4016 occasione
1143 3951 1305 4016 cuiusdam

107 4052 240 4140 periurii
265 4053 352 4139 quod
374 4055 572 4118 commiserat
597 4054 638 4118 ab
665 4053 767 4118 officio
790 4053 997 4140 suspendistis
1022 4055 1165 4138 eundem,
1188 4057 1244 4141 qui
1266 4056 1306 4121 ad

107 4157 313 4244 apostolicam
328 4157 433 4222 sedem
447 4156 594 4223 accedens
610 4159 667 4223 hec
682 4167 712 4222 et
720 4158 783 4222 alia
795 4159 875 4222 bone
891 4160 1039 4224 memorie
1055 4159 1145 4223 fratri
1163 4158 1305 4225 Radulfo

107 4262 231 4328 domini
251 4284 332 4348 pape
355 4262 575 4348 penitentiario
592 4262 755 4326 humiliter
770 4262 928 4327 confessus
944 4263 1014 4346 fuit,
1030 4265 1086 4350 qui
1108 4265 1173 4328 eius
1189 4265 1307 4329 confes·

107 4366 196 4431 sione
217 4365 327 4430 audita
343 4367 449 4451 ipsum
464 4389 482 4430 a
497 4366 637 4451 predicto
659 4367 800 4451 periurio
815 4367 895 4430 sicut
909 4367 987 4432 dicit
1001 4367 1147 4449 absoluit,
1164 4390 1220 4453 per
1234 4391 1306 4433 suas

108 4470 228 4535 litteras
252 4470 342 4535 uobis
364 4470 562 4534 committens
586 4480 621 4535 ut
643 4469 744 4534 eidem
766 4482 894 4556 propter
913 4470 971 4536 boo
993 4472 1196 4556 iniungeretis
1218 4472 1305 4557 peni·

108 4575 239 4640 tentiam
255 4584 493 4661 competentem,
504 4586 534 4639 et
547 4575 622 4661 quia
638 4575 677 4639 de
692 4577 894 4660 suspensione
910 4599 973 4641 non
990 4576 1052 4641 fuit
1066 4576 1174 4662 aliqua
1189 4577 1306 4642 mentio

108 4679 142 4743 in
167 4679 280 4744 litteris
307 4680 497 4762 memoratis,
522 4681 606 4744 sicut
629 4703 668 4744 ex
694 4679 807 4744 litteris
830 4680 943 4744 uestris
969 4681 1154 4766 accepimus
1180 4681 1253 4746 licet
1278 4681 1305 4745 ei
