3098 5476
367 559 369 564 .
416 528 533 578 xnvr.
561 529 612 576 DE
640 527 837 577 occutrrs
865 527 1141 607 ExcEssrsus
1328 511 1369 576 63

633 757 682 804 DE
704 757 836 804 EODEM.
858 739 917 826 (3).

218 916 381 1002 Episcopo
408 915 571 1000 Progensi.
626 914 763 1000 Culpam
791 924 822 978 et
847 914 939 1000 culpe
965 914 1216 979 circumstantias
1241 955 1373 966 --

170 1020 283 1086 latoris
305 1020 499 1106 presentium
523 1028 627 1085 uestra
649 1020 730 1083 sicut
744 1020 860 1105 pagina
875 1019 1014 1084 continet
1028 1020 1197 1085 interclusa
1220 1023 1373 1106 presenti-

171 1126 234 1191 bus
250 1125 418 1191 manifesta
432 1125 545 1191 notitia
559 1124 787 1210 apprehendit:
802 1123 841 1188 de
856 1125 1142 1211 circumspectionis
1157 1125 1256 1211 igitur
1273 1139 1374 1193 uestre

171 1229 390 1296 moderamine
411 1229 521 1296 confisi
543 1229 649 1315 ipsum
672 1228 711 1292 ad
735 1251 792 1293 uos
813 1228 966 1293 duximus
991 1229 1216 1293 remittendum
1238 1233 1374 1297 auctori-

170 1343 238 1400 tate
252 1335 371 1399 summi
386 1333 544 1419 pontificis
560 1341 662 1398 uestre
677 1332 878 1420 prouidentie
889 1333 1118 1398 committentes
1133 1343 1287 1420 quatenus
1303 1347 1373 1422 post

171 1440 289 1504 uinum
305 1437 460 1524 condigne
482 1438 653 1524 penitentie
668 1437 771 1502 oleum
788 1438 994 1523 competentis
1010 1437 1221 1503 misericordie
1243 1441 1373 1505 sauciati

173 1542 363 1608 uulneribus
378 1565 435 1629 per
449 1541 694 1628 dispensationis
708 1542 842 1627 gratiam
859 1540 1045 1606 infundatis.

631 1753 679 1798 DE
702 1752 835 1798 EoDEn.
861 1733 918 1820 (4).

220 1910 469 1997 Archiepiscopo
484 1909 744 1995 Rothomagensi.
788 1908 926 1974 Litteras
942 1918 1061 1974 uestras
1077 1933 1156 1996 quas
1172 1933 1230 1996 pro
1245 1950 1377 1960 —-

173 2015 277 2081 latore
302 2016 495 2100 presentium
520 2014 560 2079 ad
588 2013 691 2078 sedern
720 2012 921 2098 apostolicam
948 2011 1128 2079 destinastis
1158 2015 1375 2081 intelleximus

173 2119 356 2205 diligenter,
368 2142 502 2205 quarum
519 2127 609 2183 tenor
624 2127 680 2183 etc.
696 2140 796 2203 usque
811 2118 973 2203 expressit.
1021 2118 1070 2184 Ut
1085 2118 1184 2205 igitur
1198 2119 1243 2184 ibi
1263 2121 1375 2186 moria-

174 2241 230 2290 tur
245 2223 395 2288 delictum
412 2224 466 2289 ubi
486 2222 670 2288 scandalum
685 2231 732 2287 est
747 2230 904 2305 exortum,
920 2223 1024 2308 ipsum
1041 2246 1111 2287 cum
1129 2223 1244 2289 eisdem
1261 2224 1375 2291 litteris

174 2328 376 2415 presentibus
413 2327 589 2393 interclusis
626 2326 666 2391 ad
697 2350 754 2391 uos
784 2325 936 2390 duximus
967 2327 1190 2392 remittendum
1220 2338 1375 2414 quatenus

174 2433 318 2497 iniuncta
339 2432 400 2497 sibi
422 2432 596 2518 penitentia
617 2441 674 2496 etc.
691 2431 819 2495 demum
843 2431 1045 2516 exequamini
1068 2433 1149 2496 circa
1164 2433 1270 2519 ipsum
1285 2432 1375 2499 debi-

174 2547 245 2602 tum
269 2536 365 2602 officii
387 2536 563 2623 pastoralis,
587 2559 650 2600 non
675 2536 875 2600 immemores
899 2535 959 2600 olei
984 2559 1056 2600 cum
1082 2537 1194 2601 uinum
1219 2539 1376 2625 profuerit

176 2641 363 2706 uulneribus
385 2641 527 2706 sauciati.

641 2748 911 2756 ———-———-—-

710 2884 847 2950 XLVI.

420 3076 477 3140 DE
500 3075 674 3141 Occunrrs
697 3095 742 3140 Er
764 3075 892 3141 Dunrrs
915 3077 1141 3143 ExcEserus.

221 3253 545 3339 Episcopo.—.
596 3250 768 3316 Intellectis
790 3251 904 3316 litteris
926 3251 1039 3317 uestris
1061 3275 1140 3338 quas
1163 3276 1222 3339 pro
1244 3292 1375 3303 -—-

178 3357 278 3421 latore
301 3355 495 3442 presentium
518 3354 558 3420 ad
585 3355 689 3420 sedem
716 3356 919 3441 apostolicam
947 3355 1136 3439 destinastis,
1158 3366 1189 3421 et
1212 3358 1279 3422 eius
1303 3381 1375 3423 con-

178 3462 313 3526 fessione
337 3460 506 3546 diligenter
527 3459 636 3524 audita
658 3461 762 3546 ipsum
789 3459 829 3525 ad
857 3483 914 3525 uos
938 3461 1122 3525 auctoritate
1145 3461 1267 3526 domini
1294 3485 1375 3549 pape

177 3566 331 3632 duximus
356 3565 582 3630 remittendum
606 3565 803 3651 prouidentie
830 3575 931 3630 uestre
957 3566 1153 3652 presentibus
1182 3566 1376 3633 declarantes

177 3680 334 3758 quatenus
357 3671 382 3734 si
405 3670 597 3735 continentie
620 3670 796 3735 litterarum
813 3671 929 3735 ueritas
951 3670 1142 3756 suffragatur
1157 3671 1227 3736 ideo
1244 3711 1376 3721 —-

179 3776 332 3862 presbiter
357 3775 398 3840 ob
423 3797 528 3838 casum
554 3797 648 3861 quem
673 3775 775 3839 littere
799 3776 961 3839 continent
984 3775 1182 3861 presentibus
1208 3776 1377 3842 intercluse

178 3891 287 3955 notam
312 3878 472 3945 homicidii
496 3878 546 3943 uel
570 3879 810 3966 irregularitatis
833 3879 988 3943 maculam
1012 3903 1077 3944 non
1100 3880 1243 3968 incurrit.

640 4092 688 4136 DE
711 4091 841 4139 EoDEM.
865 4072 922 4159 (2).

223 4248 471 4333 Arcbiepisoopo
501 4249 660 4313 Remensi.
717 4247 893 4312 Intellectis
923 4247 1037 4312 litteris
1068 4249 1180 4313 uestris
1210 4270 1288 4334 quas
1318 4271 1377 4334 pro

178 4351 433 4417 —latore
463 4353 655 4437 presentium
671 4351 711 4416 ad
742 4351 945 4437 apostolicam
970 4351 1074 4416 sedem
1100 4352 1229 4415 misistis
1253 4363 1284 4415 et
1311 4352 1378 4416 eius

178 4456 373 4523 confessione
387 4456 555 4542 diligenter
570 4455 687 4539 audita,
704 4458 810 4541 ipsum
825 4456 865 4520 ad
883 4479 937 4521 uos
960 4458 1144 4522 auctoritate
1159 4455 1280 4521 domini
1296 4478 1378 4540 pape

179 4560 332 4626 duximus
356 4560 592 4643 remittendum,
617 4560 815 4646 prouidentia
842 4569 943 4624 nestre
968 4560 1168 4647 presentibus
1194 4559 1376 4624 intimantes

178 4665 266 4753 quod
296 4688 369 4730 cum
399 4665 438 4730 de
468 4674 568 4730 morte
598 4665 684 4729 illius
719 4664 857 4730 hominis
887 4688 981 4750 quem
1012 4665 1115 4729 littere
1145 4665 1307 4729 continent
1337 4663 1377 4728 ad
