3098 5476
732 548 992 597 CXV.-OXVI.

809 794 919 863 CXV.

265 969 322 1032 Du
345 989 388 1034 no
407 989 470 1046 our
488 971 659 1035 Psoursm
673 990 713 1035 ss
737 969 843 1059 [non]
868 971 1123 1036 Inparmunuu
1145 969 1472 1036 Passanrnronuu

616 1094 690 1140 vnn
712 1075 980 1139 Oanmlroanu
1003 1095 1109 1140 sunu.

312 1229 470 1314 Episcopo
492 1267 632 1293 ——-.
679 1230 806 1295 Latoris
828 1231 1021 1316 presentium
1045 1231 1155 1317 petitio
1177 1230 1360 1296 continebat
1382 1229 1471 1315 quod

267 1355 340 1397 cum
364 1333 442 1398 olim
467 1343 546 1398 esset
572 1334 604 1397 in
631 1333 857 1399 subdiaconum
885 1335 1129 1420 promouendus,
1156 1334 1380 1399 archidiacono
1408 1333 1470 1398 loci

267 1446 399 1522 petente,
423 1438 562 1523 simplici
587 1437 686 1502 uerbo
709 1439 854 1523 promisit
878 1438 964 1524 quod
991 1461 1085 1524 super
1108 1439 1290 1524 prouisionc
1320 1461 1380 1502 sua
1404 1460 1468 1503 non

268 1541 447 1606 molestaret
475 1541 620 1621 eundem,
652 1552 683 1606 et
712 1565 776 1606 non
806 1532 936 1607 credens
972 1565 1012 1606 ex
1042 1542 1226 1608 huiusmodi
1257 1542 1469 1628 promissione

268 1668 402 1732 peccare,
430 1656 625 1730 presentatus
649 1645 689 1710 ab
715 1685 845 1696 ——
872 1645 1090 1712 archidiacono
1116 1646 1297 1732 supradicto
1321 1645 1469 1711 ordinem

267 1749 510 1814 subdiaconatus
524 1751 704 1835 assumpsit,
721 1750 905 1815 ministrans
920 1750 1146 1815 nichilominus
1161 1752 1196 1814 in
1211 1750 1331 1816 eodem.
1364 1750 1469 1836 Super

268 1877 332 1939 quo
354 1854 414 1918 sibi
438 1855 529 1940 petiit
551 1863 606 1920 etc.
651 1852 686 1917 N
687 1877 721 1919 os
744 1864 850 1919 autem
872 1853 1038 1940 prudentie
1062 1864 1163 1919 uestre
1184 1864 1241 1919 etc.
1259 1864 1419 1940 quatenus
1441 1855 1468 1919 si

269 1959 371 2043 pactio
388 1958 437 2022 uel
461 1957 600 2023 conditio
623 1958 712 2022 nulla
727 1959 874 2043 precessit
889 1958 1013 2044 prefato
1027 1998 1159 2009 —
1174 1981 1232 2044 pro
1255 1958 1348 2044 culpe
1372 1958 1468 2024 modo

268 2063 409 2127 iniuncta
430 2063 602 2148 penitentia
624 2072 680 2127 etc.
697 2086 795 2148 eoque
815 2061 855 2126 ad
877 2072 1002 2148 tempus
1023 2073 1080 2128 etc.
1102 2084 1200 2149 usque
1221 2085 1287 2127 non
1310 2062 1467 2146 obstante,

268 2168 372 2252 ipsum
395 2166 435 2231 ad
458 2165 702 2253 dispensationis
723 2167 859 2252 gratiam
881 2166 1067 2233 admittatis.

727 2377 775 2422 nn
798 2377 930 2422 sonum.
955 2359 1013 2446 (2).

310 2528 560 2615 Archiepiscopo
574 2566 714 2594 —.
760 2529 814 2593 Ex
830 2539 918 2614 parte
933 2530 1099 2614 presbiteri
1113 2567 1245 2578 —
1259 2529 1394 2595 diocesis
1407 2529 1467 2593 fuit

266 2633 464 2719 propositum
474 2656 578 2698 coram
594 2633 685 2698 nobis
701 2633 785 2718 quod
802 2657 874 2697 cum
888 2633 972 2698 idem
984 2644 1063 2698 esset
1075 2635 1466 2720 per—episcopum

265 2760 359 2801 suum
374 2736 413 2801 ad
430 2760 532 2802 sacros
547 2736 672 2802 ordines
687 2737 921 2823 promouendus
937 2738 1105 2803 iuramenti
1123 2737 1251 2802 uinculo
1266 2761 1299 2802 se
1314 2738 1466 2802 astrinxit

266 2841 350 2926 quod
381 2841 486 2927 ipsum
514 2842 563 2905 uel
591 2841 752 2905 ecclesiam
778 2843 845 2906 eius
876 2865 969 2927 super
992 2843 1172 2927 prouisione
1201 2864 1257 2906 sua
1282 2842 1467 2907 nullatenus

267 2944 453 3010 molestaret.
501 2945 603 3032 Super
625 2968 689 3031 quo
713 2958 769 3011 etc.
815 2947 902 3024 Quia
928 2969 1002 3010 uero
1027 2946 1210 3011 diocesanus
1236 2969 1313 3011 suus
1339 2970 1465 3012 causam

265 3049 356 3134 culpe
388 3048 510 3114 dedisse
543 3049 680 3130 uidetur,
717 3051 808 3116 uobis
843 3051 899 3136 qui
934 3051 1194 3136 metropolitanus
1227 3051 1295 3115 eius
1329 3051 1466 3117 existitis

266 3154 452 3218 auctoritate
488 3154 610 3218 domiui
647 3177 730 3239 papa
766 3154 919 3218 duximus
963 3154 1225 3220 committendum
1269 3164 1327 3223 etc.
1367 3152 1466 3242 usque

266 3257 462 3344 dispensetis.

798 3501 930 3570 CXVI.

535 3692 592 3756 Du
616 3692 737 3760 Snavo
759 3694 929 3759 Paouoro
951 3713 998 3758 ln
1022 3693 1192 3759 Oramus.

312 3830 436 3895 Abbati
451 3830 489 3895 de
501 3831 611 3897 Bruer.
622 3831 836 3897 Cisterciensis
851 3831 979 3898 ordinis.
1014 3831 1139 3896 Fratris
1153 3831 1302 3917 Symonis
1319 3835 1464 3900 monachi

268 3935 448 3999 monasterii
465 3936 559 4001 uestri
571 3937 681 4021 petitio
692 3937 871 4001 continebat
881 3937 967 4022 quod
982 3959 1054 4000 cum
1065 3937 1375 4024 —episcopus
1390 3962 1465 4004 suus

269 4041 301 4102 in
326 4038 531 4105 celebratione
555 4040 703 4105 ordinum
727 4042 871 4126 generale
895 4039 1231 4106 excommunicationis
1254 4043 1464 4126 premississet

267 4142 403 4207 edictum
417 4145 542 4230 nequis
557 4145 680 4210 seruilis
694 4144 884 4209 conditionis
899 4146 1037 4209 existens
1051 4145 1091 4209 ad
1107 4143 1234 4210 ordines
1249 4147 1463 4232 suscipiendos

268 4247 432 4331 accederet,
450 4247 533 4312 idem
549 4273 642 4335 quem
664 4272 776 4314 seruus
797 4249 836 4313 de
857 4272 956 4315 uxore
971 4249 1086 4314 ancilla
1101 4250 1236 4335 suscepit
1250 4260 1323 4335 post
1338 4274 1463 4318 excom-

269 4353 513 4417 municationem
536 4353 718 4418 huiusmodi
741 4354 906 4439 ignorante
921 4353 1050 4419 domiuo
1065 4376 1123 4419 suo
1138 4353 1282 4419 ordinem
1298 4356 1464 4421 acolitatus

268 4457 464 4542 asssumpsit‚
481 4466 511 4521 et
533 4480 679 4542 processu
701 4460 851 4544 temporis
875 4459 1060 4544 religionem
1082 4458 1242 4544 ingressus
1264 4468 1295 4524 et
1316 4460 1462 4526 astrictus

268 4563 466 4627 obseruantie
481 4561 617 4647 regulari
633 4562 672 4626 ad
689 4586 796 4628 omnes
811 4586 914 4628 sacros
929 4563 1054 4628 ordines
1069 4573 1116 4628 est
1130 4572 1295 4648 promotus
1309 4574 1341 4629 et
1357 4565 1463 4630 minis

267 4667 364 4731 trauit
387 4667 420 4729 in
445 4667 530 4751 ipsis,
546 4666 753 4732 absolutionis
777 4669 926 4733 beneficio
950 4690 1014 4732 non
1038 4668 1174 4752 obtento.
1219 4667 1323 4754 Super
1347 4670 1462 4755 quibus
