3098 5476
401 534 556 583 xxxvr.
584 535 635 582 nu
664 535 868 584 susrncrc
898 535 949 582 uu
978 520 1150 585 uanusr.⁴
1342 523 1387 587 53

177 692 272 758 uobis
294 702 406 778 sponte
428 693 570 758 confesso
592 693 728 778 qualiter
746 693 944 778 suggestione
966 693 1064 758 hostis
1087 694 1211 780 antiqui
1233 694 1388 760 hereticos

178 806 211 861 et
228 819 339 862 eorum
361 820 481 863 errores
504 797 606 863 multo
621 807 762 883 tempore
780 797 951 880 dilexisset,
968 797 1188 863 manducando
1203 808 1234 863 et
1249 799 1389 866 bibendo

178 903 324 983 cumeis,
341 925 376 966 ac
398 902 541 987 ipsorum
559 902 787 988 predicationes
810 902 994 969 multotiens
1016 902 1184 968 audiendo.
1231 903 1304 971 Vos
1326 927 1388 989 pro

176 1006 354 1090 penitentia
376 1006 559 1071 iniunxistis
581 1006 683 1073 eidem
707 1017 743 1072 ut
760 1007 851 1092 signo
868 1007 969 1071 crucis
992 1017 1158 1093 assumpto
1180 1030 1254 1071 cum
1274 1007 1385 1073 eodem

177 1110 295 1175 comite
310 1119 453 1196 pergeret
467 1110 553 1176 ultra
569 1134 664 1194 mare,
681 1111 768 1176 omni
785 1123 926 1196 tempore
943 1112 1006 1175 uite
1022 1134 1077 1176 sue
1092 1120 1197 1176 sextas
1212 1112 1305 1177 ferias
1320 1136 1385 1178 non

176 1223 273 1278 utens
288 1214 394 1280 linteis
408 1214 570 1299 ieiunaret,
581 1224 611 1279 et
622 1216 890 1301 quotienscunque
905 1215 966 1279 sibi
979 1215 1114 1280 facultas
1128 1216 1254 1280 affuerit
1266 1216 1388 1282 diuinis

175 1317 290 1383 officiis
305 1319 476 1384 interesset.
515 1319 613 1398 Quod
628 1319 746 1383 cumin
758 1319 1086 1384 auditoriumsummi
1101 1321 1260 1406 pontificis
1276 1333 1385 1406 pertu-

176 1421 267 1486 lisset
282 1422 368 1487 idem
383 1421 531 1488 dominus
544 1432 672 1509 gratum
687 1423 799 1488 habuit
813 1432 845 1488 et
859 1432 1024 1510 acceptum
1039 1423 1125 1510 quod
1141 1447 1236 1510 super
1252 1425 1387 1510 premis-

175 1549 252 1592 sum
268 1536 376 1591 actum
391 1538 436 1592 est
455 1527 623 1592 salubriter
638 1529 720 1592 circa
735 1527 865 1614 ipsum.¹

657 1723 902 1733 ——-.

689 1858 872 1926 XXXVI.

343 2051 400 2115 Du
422 2070 468 2117 nc
491 2071 553 2128 aur
576 2070 624 2116 un
647 2052 788 2116 Hnausr
811 2051 1008 2116 Susrncrus
1033 2070 1216 2119 ussurus.

223 2227 384 2313 Episcopo
409 2265 549 2293 -—.
606 2227 658 2291 Ex
692 2227 771 2293 serie
800 2226 978 2292 litterarum
1009 2250 1086 2312 quas
1120 2250 1179 2312 pro
1208 2228 1386 2312 presbitero

175 2332 520 2416 ——presentium
543 2332 641 2398 latore
664 2332 793 2395 misistis
815 2331 879 2396 duo
903 2332 936 2395 in
952 2353 1077 2396 summa
1092 2330 1288 2417 collegimus,
1305 2355 1384 2418 quo-

175 2458 252 2499 rum
274 2435 410 2500 alterurn
432 2436 527 2500 uerba
550 2446 693 2522 suspecta
709 2435 839 2500 notabat
853 2458 914 2521 que
937 2435 1072 2500 heresim
1088 2436 1264 2500 innuebant
1275 2463 1283 2517 3
1306 2437 1382 2500 reli-

175 2562 279 2626 quum
301 2551 407 2605 autem
427 2539 640 2626 simplicitatis
662 2540 858 2625 superficiem
881 2539 913 2603 in
937 2540 1172 2604 excusationem
1193 2541 1386 2625 proferentis

175 2644 364 2730 protendere
387 2644 564 2709 uidebatur.
621 2644 708 2723 Quia
731 2668 806 2710 uero
833 2667 927 2729 super
949 2644 1110 2729 premissis
1136 2653 1167 2709 et
1191 2667 1301 2710 eorum
1324 2646 1382 2710 cir-

174 2749 374 2814 cumstantiis
397 2749 511 2813 habere
532 2749 661 2836 potestis
684 2747 866 2834 indaginem
889 2757 921 2812 et
938 2749 1085 2814 notitiam
1107 2748 1292 2834 pleniorem,
1309 2773 1379 2835 pre·

176 2854 278 2918 fatum
308 2855 518 2940 presbiterum
547 2855 730 2920 auctoritate
760 2853 882 2918 domini
914 2877 995 2940 pape
1024 2877 1097 2918 curn
1124 2853 1242 2919 eisdem
1267 2855 1384 2919 litteris

173 2959 374 3044 presentibus
403 2959 590 3043 interclusis,
619 2958 660 3024 ad
690 2981 747 3024 uos
773 2957 926 3023 duximus
956 2958 1184 3022 remittendum
1210 2968 1246 3022 ut
1273 2959 1382 3045 proui-

174 3063 282 3129 dentia
298 3072 402 3128 uestra
416 3073 582 3149 cognoscat
596 3064 734 3149 rigorem
751 3086 845 3149 quem
861 3063 900 3127 de
920 3062 1025 3127 uerbis
1048 3063 1199 3148 suspectis
1223 3073 1381 3128 meruerat

172 3178 205 3233 et
234 3167 274 3233 de
301 3167 513 3254 simplicitatis
539 3168 625 3254 quali
653 3167 739 3254 quali
766 3167 917 3254 suffragio
948 3189 1038 3253 spem
1071 3167 1285 3232 misericordie
1315 3190 1380 3231 non

177 3274 313 3338 amittat.

637 3396 684 3441 on
709 3395 840 3442 nouum.
865 3376 923 3464 (2).

219 3553 379 3639 Episcopo
394 3552 545 3618 Elenensi
561 3563 593 3618 et
606 3591 739 3602 ——
753 3552 873 3618 ordinis
888 3551 1128 3637 predicatorum.
1174 3551 1285 3616 Habet
1301 3552 1381 3615 rela-

171 3659 218 3723 tio
241 3658 301 3724 Ro.
318 3657 426 3722 latoris
448 3659 641 3744 presentium
665 3656 751 3743 quod
774 3680 847 3721 cum
871 3657 922 3720 uir
944 3680 1019 3721 suus
1043 3668 1172 3742 propter
1186 3655 1295 3722 dotem
1317 3680 1382 3741 que

172 3762 234 3826 sibi
257 3761 360 3827 soluta
377 3785 441 3827 non
460 3761 564 3826 firerat
579 3762 750 3826 dimisisset
765 3761 907 3840 eandem,
923 3784 955 3825 se
978 3761 1010 3824 in
1027 3760 1123 3825 domo
1140 3760 1248 3824 fratris
1271 3761 1327 3847 qui
1343 3769 1383 3825 ut

172 3866 337 3930 dicebatur
352 3865 561 3932 hereticorum
576 3874 748 3952 receptator
763 3875 829 3930 erat
845 3877 875 3930 et
891 3865 1006 3947 fautor,
1018 3865 1104 3950 apud
1121 3887 1217 3950 quem
1233 3865 1379 3951 aliquan-

172 3969 230 4035 diu
253 3970 339 4035 stetit
362 3971 472 4052 inuita,
496 3978 567 4034 tum
590 3970 676 4057 quod
699 3970 738 4034 de
761 3969 835 4034 dote
857 3969 1034 4033 satisfacere
1056 3970 1127 4034 uiro
1150 3969 1288 4049 nolebat,
1308 3978 1378 4034 tum

175 4072 262 4161 quod
284 4097 354 4139 eam
378 4097 440 4139 non
456 4075 585 4140 decebat
600 4083 683 4139 stare
705 4098 779 4138 cum
798 4074 905 4159 aliquo
921 4074 971 4137 cui
994 4096 1058 4137 non
1076 4084 1154 4138 esset
1168 4073 1292 4158 generis
1308 4097 1377 4158 pro-

205 4282 315 4335 ¹There
326 4283 414 4335 would
432 4301 502 4336 seem
519 4291 546 4336 to
563 4285 595 4336 be
612 4301 647 4335 no
664 4283 747 4335 doubt
764 4283 823 4334 that
838 4282 893 4333 this
911 4282 981 4333 brief
997 4282 1020 4332 is
1037 4281 1176 4333 addressed
1194 4288 1220 4332 to
1233 4281 1279 4332 the
1291 4281 1377 4332 Arch-

169 4366 266 4434 bishop
278 4367 308 4418 of
322 4367 387 4419 Sens
403 4368 456 4419 and
468 4368 514 4419 the
525 4368 668 4434 inquisitor
680 4367 758 4418 Friar
770 4366 870 4417 Robert
881 4366 906 4417 le
919 4366 1013 4431 Bugre,
1023 4365 1080 4431 just
1091 4365 1179 4416 before
1192 4365 1239 4416 the
1250 4364 1377 4416 downfall

170 4451 201 4502 of
214 4451 262 4502 the
278 4451 358 4502 latter
374 4451 403 4502 in
416 4452 489 4503 1239.
524 4452 582 4503 The
600 4451 692 4502 Simon
705 4451 792 4502 Connt
804 4451 834 4501 of
849 4450 980 4501 Montfort
992 4457 1062 4500 must
1073 4448 1143 4500 have
1160 4448 1225 4500 been
1244 4447 1337 4498 Simon
1349 4447 1379 4499 of

170 4534 309 4599 Ieicester‚
322 4535 382 4587 who
394 4543 463 4587 went
480 4542 507 4587 to
526 4535 572 4587 the
589 4535 664 4600 Holy
676 4534 753 4585 Land
771 4535 799 4584 in
812 4534 885 4584 1240.
921 4533 974 4583 His
991 4532 1100 4584 brother
1112 4532 1232 4596 Amaury
1245 4531 1332 4582 Count
1349 4531 1379 4581 of

170 4618 302 4671 Montfort
313 4625 383 4670 went
399 4619 427 4669 in
444 4620 517 4669 1238.
552 4619 610 4670 The
628 4619 735 4670 crusade
747 4619 777 4668 of
792 4618 838 4668 the
855 4617 928 4668 elder
945 4616 1037 4667 Simon
1050 4633 1101 4666 was
1119 4615 1147 4665 in
1162 4616 1234 4678 1201,
1249 4632 1264 4664 a
1282 4613 1375 4679 period

171 4711 218 4754 too
230 4702 306 4768 early
318 4710 345 4754 to
357 4702 389 4754 be
402 4703 561 4769 compatible
573 4702 639 4754 with
651 4702 698 4753 the
710 4710 768 4753 text
780 4701 810 4751 of
825 4701 871 4752 the
880 4700 955 4751 brief.
