3098 5476
326 558 327 562 ¹
417 537 534 587 LXVI.
563 539 613 586 DE
641 537 894 585 snurnnrns
922 538 1172 586 ORDINARII.
1352 523 1392 586 81

171 698 296 762 menti
324 706 365 762 ut·
387 697 472 761 infra
497 697 636 761 duorum
662 697 820 761 mensium
846 697 988 782 spacium
1012 708 1180 782 postquam
1206 697 1334 762 redierit
1360 697 1399 762 de

169 802 341 868 Partibus
366 801 587 866 transmarinis
613 800 755 888 predicto
780 801 928 886 burgensi
958 802 1129 866 satisfaciat
1152 801 1192 866 de
1221 802 1398 868 subtractis,

169 888 296 972 Quod
326 907 353 972 si
385 906 561 972 satisfacere
592 905 673 970 forte
702 906 924 991 contempserit
950 906 1057 991 ipsum
1085 905 1119 969 in
1150 907 1399 971 excommunica·

168 994 293 1075 tionis
319 1010 486 1074 uinculum
510 1009 676 1090 reducatis,
700 1009 847 1074 facientes
871 1032 940 1074 eam
965 1009 1128 1096 usquead
1154 1010 1399 1075 satisfactionem

172 1115 391 1200 eondignam
414 1114 644 1180 inuiolabiliter
666 1115 834 1179 obseruari.

659 1319 708 1364 na
730 1320 863 1366 nonan.
887 1300 944 1388 (2).

244 1456 403 1543 Episcopo
418 1456 584 1542 Aquinati.
630 1457 673 1520 A.
684 1457 851 1522 canonicus
862 1456 1007 1542 Aquinas
1021 1457 1103 1523 lator
1116 1456 1309 1543 presentium
1326 1479 1398 1542 pro-

198 1562 302 1646 posuit
311 1583 419 1627 coram
431 1560 521 1626 nobis
538 1559 623 1646 qnod
639 1583 712 1624 oum
724 1584 780 1625 uos
796 1560 873 1625 olim
889 1562 995 1646 ipsum
1007 1561 1145 1626 inuitum
1160 1585 1196 1626 ac
1210 1559 1399 1646 disciplinis1

203 1665 392 1732 scholasticis
413 1665 620 1747 insistentem,
644 1665 766 1730 nolletis
788 1664 829 1730 ad
852 1665 996 1730 ordinem
1019 1665 1183 1731 sacerdotii
1206 1666 1398 1752 promoueri,

203 1769 284 1835 idem
309 1793 349 1834 ne
374 1779 575 1834 reuocaretur
598 1792 617 1833 a
641 1769 747 1834 studio
773 1768 860 1855 qnod
887 1770 1044 1856 inceperat
1066 1757 1181 1834 sedem¹
1195 1769 1401 1856 apostolicam

200 1875 382 1962 appellauit.
430 1873 558 1942 Verum
584 1896 656 1937 cum
684 1873 724 1937 ad
751 1896 807 1938 uos
833 1873 1039 1960 postmodum
1065 1874 1186 1940 litteras
1208 1873 1401 1961 'apostolicas

200 1979 396 2065 impetrasset
418 1987 454 2043 ut
476 1977 578 2043 eidem
602 1977 749 2042 studendi
774 1978 934 2043 licentiam
959 1978 1120 2065 usquead
1145 1979 1400 2066 quinquennium

196 2084 369 2170 probaretis
392 2105 448 2147 nec
463 2083 591 2147 interim
606 2082 647 2146 ad
669 2083 898 2167 susceptionem
913 2083 1114 2148 sacerdotalis
1130 2082 1225 2148 officii
1248 2083 1400 2168 cogeretis

197 2187 344 2269 cundem,
362 2210 418 2252 uos
440 2197 507 2251 tam
526 2185 675 2270 mandato
693 2209 791 2273 quam
813 2187 958 2272 precibus
980 2187 1160 2273 apostolicis
1183 2186 1344 2252 obauditis
1367 2186 1400 2250 id

198 2291 318 2357 efficere
334 2288 553 2357 non'curastis.
584 2290 813 2377 Superquibns
828 2291 997 2377 apostolice
1012 2291 1093 2357 sedis
1109 2292 1306 2356 clementiam
1321 2290 1401 2355 adiit

198 2396 363 2460 humiliter
377 2395 559 2481 supplicans
581 2395 649 2459 eius
671 2395 753 2459 sedis
775 2394 977 2480 prouidentia
992 2397 1165 2460 subueniri.
1212 2396 1279 2460 Nos
1294 2405 1399 2460 autem

197 2500 236 2566 de
258 2499 388 2586 speciali
410 2498 559 2563 mandato
582 2498 704 2564 domini
727 2522 808 2585 pape
830 2500 922 2564 nobis
945 2500 1028 2565 facto
1044 2523 1099 2585 per
1114 2500 1328 2564 uenerabilem
1344 2522 1399 2585 pa-

198 2613 279 2669 trem
294 2604 462 2669 dominum
478 2603 510 2668 J.
527 2603 566 2668 de
582 2603 763 2689 Columpna
779 2604 866 2668 tituli
889 2613 995 2669 sancte
1011 2604 1167 2669 Praxedis
1189 2605 1400 2691 presbiterum

198 2707 399 2790 cardinalem,
409 2707 588 2794 predictum
600 2709 641 2772 A.
653 2708 693 2772 ab
703 2707 885 2772 huiusmodi
902 2709 1057 2773 sententia
1069 2708 1222 2773 duximus
1236 2708 1402 2773 absoluen-

199 2812 278 2877 dum
293 2811 380 2877 etad
395 2835 453 2877 uos
468 2812 660 2876 remittimus
675 2811 867 2878 absolutum.
915 2811 1018 2898 Super
1034 2812 1232 2878 absolutione
1247 2835 1303 2877 sua
1319 2822 1377 2877 etc.

662 3023 710 3067 nn
733 3023 865 3069 nonan.
891 3004 948 3091 (3).

242 3161 403 3246 Episcopo
412 3159 622 3228 Virdunensi.
651 3160 692 3225 R.
703 3160 871 3224 canonicus
887 3160 1012 3224 ecclesie
1027 3160 1126 3224 sancti
1144 3159 1250 3224 Mauri
1261 3159 1402 3224 Antonis

197 3264 291 3330 castri
318 3263 401 3330 lator
422 3264 618 3350 presentium
643 3264 809 3350 proposuit
831 3286 938 3328 coram
964 3263 1056 3328 nobis
1082 3263 1169 3350 quod
1195 3286 1268 3328 cum
1291 3262 1401 3327 eadem

198 3368 327 3434 ccclesia
342 3369 444 3433 subsit
459 3367 642 3432 immediate
657 3367 918 3433 —decano
933 3378 964 3432 et
978 3367 1118 3454 capitulo
1136 3368 1261 3432 ecclesie
1274 3366 1402 3435 Virdu-

198 3473 306 3539 nensis
320 3480 351 3538 et
367 3471 751 3536 ——archidiaconus
766 3471 805 3536 de
820 3472 954 3558 Riparia
969 3472 1054 3536 infra
1069 3472 1146 3536 fines
1167 3471 1403 3537 archidiacona-

197 3586 250 3643 tus
271 3576 322 3643 sui
344 3598 415 3641 eam
429 3599 568 3641 asserens
591 3598 657 3641 esse
678 3576 782 3659 sitam,
799 3575 1009 3641 iurisdictioni
1032 3577 1081 3641 sui
1098 3575 1259 3640 uindicare
1274 3584 1403 3642 conten-

197 3681 295 3765 deret,
312 3682 378 3767 ipse
398 3703 439 3745 ne
460 3680 601 3745 indebite
622 3680 851 3763 molestaretur,
868 3680 1003 3744 eundem
1018 3682 1058 3745 ad
1074 3679 1181 3745 sedem
1196 3680 1402 3766 apostolicam

197 3785 382 3874 appellauit.
437 3783 520 3849 Sane
545 3808 618 3849 cum
644 3783 803 3870 predictus
830 3784 1069 3849 archidiaconus
1096 3786 1163 3850 eius
1187 3784 1402 3871 appellatione

197 3898 378 3976 contempta
408 3889 743 3954 excommunicationis
773 3889 805 3951 in
837 3911 910 3952 eum
940 3889 1128 3954 sententiam
1158 3888 1401 3975 promulgasset,

198 3996 265 4081 ipse
279 3993 320 4058 de
334 3992 557 4080 appellationis
572 3993 708 4058 confisus
724 3993 875 4079 suffragio
888 3994 919 4056 in
933 3993 998 4057 suis
1015 3993 1180 4058 ordinibus
1195 3993 1402 4060 ministrauit.

197 4097 297 4166 Unde
318 4120 393 4177 cum
406 4096 557 4183 premisse
579 4096 801 4184 appellationis
824 4097 986 4182 negotium
1001 4096 1042 4162 ad
1064 4097 1164 4163 dictos
1182 4097 1304 4162 iudices
1320 4097 1403 4162 obti-

199 4202 304 4268 nuerit
313 4201 451 4288 delegari
466 4201 658 4287 supplicarit
669 4225 764 4288 super
775 4201 846 4266 aliis
862 4201 992 4266 salutari
1009 4202 1069 4266 sibi
1082 4201 1213 4268 consilio
1226 4202 1400 4266 subueniri.

198 4300 268 4372 Nos
290 4315 397 4372 autem
412 4305 580 4392 prudentie
595 4315 698 4370 uestre
713 4315 770 4371 etc.
787 4316 944 4392 quatenus
960 4316 1129 4392 postquam
1145 4306 1287 4391 prefatus
1304 4306 1344 4370 R.
1361 4305 1402 4370 ab

198 4411 521 4477 excommunicatione
538 4410 721 4475 huiusmodi
737 4410 901 4475 absolutus
918 4410 967 4474 uel
985 4409 1193 4474 denuntiatus
1211 4410 1322 4475 fuisset
1338 4431 1403 4473 non

198 4516 306 4599 teneri,
324 4514 465 4580 iniuncta
480 4515 508 4580 ei
526 4538 584 4600 pro
598 4514 690 4601 culpe
707 4515 801 4579 modo
816 4525 872 4580 etc.
891 4538 989 4600 usque
1005 4513 1190 4579 admittatis.

681 4705 690 4735 ¹
703 4706 856 4772 Discipulis,
869 4706 926 4758 Ms.
