3098 5476
172 507 214 572 78
375 523 473 572 LXV.
497 524 548 571 Du
576 523 829 572 suNuuNuns
855 523 1043 572 cumcun
1072 525 1161 574 ΕΤΟ.

169 680 231 747 sibi
253 681 345 767 petiit
362 680 532 767 apostolice
553 680 635 746 sedis
659 681 872 747 misericordia
894 682 1066 747 subueniri.
1111 681 1182 748 Nos
1204 692 1312 747 autem
1334 682 1372 747 de

169 786 297 872 speciali
320 785 472 851 mandato
486 785 608 850 domiui
627 808 708 872 pape
730 786 822 852 nobis
845 786 928 852 facto
949 809 1007 872 per
1021 786 1235 851 uenerabilem
1251 796 1372 872 patrem

169 890 334 955 dominum
350 891 382 955 J.
399 889 439 956 de
455 890 636 977 Columpna
651 890 737 957 tituli
754 900 860 956 sancte
874 891 1029 956 Praxedis
1044 892 1257 976 presbiterum
1272 891 1373 956 cardi-

171 993 298 1078 nalem,1
313 994 473 1080 prefatum
488 1031 620 1044 —-
636 995 781 1061 abbatem
804 996 845 1061 ab
869 995 1054 1061 huiusmodi
1076 995 1258 1062 iuramento
1274 1004 1305 1061 et
1320 1019 1373 1060 ex-

170 1098 463 1164 communicationis
481 1100 636 1165 sententia
651 1099 803 1164 duximus
818 1099 1050 1166 absoluendum
1065 1110 1095 1165 et
1109 1099 1152 1164 ad
1166 1123 1224 1166 uos
1241 1101 1373 1166 remitti-

172 1226 242 1268 mus
257 1203 437 1268 absolutum
452 1203 655 1290 prouidentes
670 1203 709 1269 de
726 1205 829 1290 gratia
844 1204 1089 1290 dispensationis
1104 1204 1205 1269 eidem
1222 1206 1249 1270 si
1266 1204 1373 1270 forsan

171 1307 274 1372 medio
289 1317 430 1394 tempore
444 1308 630 1373 celebrando
646 1308 769 1395 aliquid
785 1309 1028 1394 irregularitatis
1044 1309 1188 1375 incurrit.

647 1537 888 1547 *-

712 1689 828 1759 LXV.

283 1883 340 1946 Du
365 1881 578 1947 Saturnusue
604 1883 626 1946 J
629 1901 767 1947 unrcuu
794 1883 961 1947 Proerna
988 1883 1259 1948 Courunaomu

640 1987 905 2052 Pacuuianus.

216 2158 462 2245 Archiepiscopo
485 2159 645 2224 Remensi.
693 2159 757 2223 Pro
780 2159 931 2244 magistro
953 2159 985 2225 J.
1006 2159 1200 2224 subdiacono
1222 2161 1373 2225 Remensi

172 2264 234 2328 fuit
248 2264 447 2350 propositum
468 2286 574 2328 coram
597 2263 688 2329 nobis
712 2263 797 2350 quod
821 2287 893 2327 cum
910 2263 988 2328 olim
1013 2264 1095 2349 layci
1118 2263 1250 2351 quidam
1266 2288 1372 2330 coram

171 2405 304 2416 —
317 2367 444 2433 officiali
460 2376 564 2433 uestro
579 2367 618 2432 de
640 2368 709 2454 ipso
730 2368 958 2454 querimoniam
975 2368 1170 2451 detulissent,
1186 2369 1373 2456 priusquam

172 2472 214 2536 ad
237 2495 307 2536 eum
324 2472 481 2537 citationis
504 2472 683 2558 peruenerit
698 2471 836 2537 edictum
851 2474 987 2559 parisius
1002 2472 1082 2537 adiit
1097 2474 1131 2536 in
1147 2473 1254 2538 studio
1271 2497 1374 2540 mora-

172 2585 274 2641 turus.
323 2577 406 2642 Sane
427 2600 500 2641 cum
515 2577 656 2642 sacerdos
679 2599 756 2642 suus
778 2577 967 2663 parochialis
982 2576 1023 2641 ad
1041 2576 1226 2642 mandatum
1242 2615 1374 2628 —-

172 2680 315 2746 officialis
337 2680 476 2746 eiusdem
493 2681 597 2767 ipsum
614 2682 774 2746 absentem
791 2683 901 2746 citaret
917 2682 950 2745 in
967 2681 1094 2768 publico
1110 2705 1166 2746 nec
1188 2705 1248 2768 pro
1264 2706 1302 2748 eo
1317 2682 1375 2747 ali-

172 2785 244 2870 quis
256 2794 448 2871 compareret
462 2794 571 2850 contra
582 2808 654 2850 eum
666 2796 702 2851 ut
711 2785 827 2850 dicitur
837 2786 1172 2852 excommunicationis
1183 2789 1373 2853 sententiam

173 2889 398 2976 promulgauit.
461 2889 607 2976 Cumque
629 2891 721 2976 lapsu
744 2891 894 2977 temporis
917 2913 1061 2956 reuersus
1083 2890 1124 2955 ad
1146 2892 1279 2977 propria
1302 2893 1375 2959 facti

171 2995 305 3081 cepisset
320 2994 434 3059 habere
448 2995 605 3076 notitiam,
621 2995 812 3081 quibusdam
829 2995 984 3081 religiosis
1002 3004 1034 3060 et
1048 2995 1190 3061 discretis
1207 2997 1287 3062 uiris
1303 3021 1374 3062 eum

171 3099 371 3164 credentibus
386 3109 415 3164 et
430 3099 608 3164 dicentibus
626 3100 764 3184 predicta
779 3101 933 3165 sententia
948 3123 1013 3166 non
1028 3101 1138 3183 teneri,
1154 3099 1375 3187 sollempniter

172 3204 337 3290 epistolam
360 3204 436 3290 legit
458 3204 492 3267 in
516 3204 611 3269 missa
622 3231 631 3285 ;
661 3204 790 3268 demum
813 3203 1056 3290 prudentiorum
1080 3227 1156 3271 usus
1178 3206 1313 3272 consilio
1335 3207 1375 3272 ab

171 3309 354 3375 executione
384 3331 515 3373 suorum
545 3309 694 3374 ordinum
721 3309 875 3373 abstinuit
902 3319 1090 3377 reuerenter.
1144 3309 1274 3378 Verum
1302 3334 1373 3376 cum

170 3414 212 3479 ab
234 3412 416 3478 huiusmodi
440 3413 774 3479 excommunicationis
797 3414 951 3478 sententia
969 3413 1011 3478 sit
1027 3423 1062 3478 ut
1078 3413 1196 3478 dicitur
1210 3415 1374 3480 absolutus

62 3558 63 3563 κ
170 3527 201 3582 et
216 3517 255 3582 de
278 3517 340 3582 hiis
362 3527 567 3605 propterque
590 3518 654 3583 lata
673 3517 776 3583 fuerat
796 3517 981 3583 satisfecerit
999 3527 1221 3613 competenter,
1239 3520 1373 3606 petitum

170 3630 218 3686 est
233 3621 397 3687 humiliter
411 3623 473 3687 sibi
488 3645 583 3708 super
597 3622 668 3687 aliis
683 3622 723 3687 de
739 3622 952 3688 misericordia
967 3622 1049 3688 sedis
1072 3623 1244 3709 apostolice
1266 3625 1375 3710 proui-

168 3726 247 3791 deri.
293 3724 363 3791 Nos
383 3737 488 3792 autem
505 3737 560 3793 etc.
577 3737 733 3814 quatenus
754 3728 781 3791 si
800 3736 847 3792 est
862 3727 907 3791 ita
923 3728 1066 3792 iniuncta
1081 3728 1109 3792 ei
1125 3729 1303 3814 penitentia
1318 3737 1373 3794 etc.

173 3852 274 3917 usque
289 3830 473 3897 admittatis

203 4039 212 4070 ¹
224 4040 290 4091 This
302 4040 325 4092 is
336 4040 472 4092 Giovanni
485 4041 610 4106 Colonna,
623 4041 727 4093 created
738 4041 857 4093 cardinal
869 4042 952 4108 priest
963 4042 993 4093 of
1008 4042 1033 4094 S.
1045 4041 1171 4094 Prassede
1188 4041 1224 4109 by
1236 4043 1375 4096 Honorius

170 4125 225 4176 ΙΙΙ.
238 4124 267 4175 in
280 4125 352 4189 1216,
366 4124 425 4176 who
435 4125 561 4177 survived
572 4125 615 4176 till
628 4125 693 4176 1245
708 4125 881 4191 (Ciacconius,
896 4126 937 4177 II.
950 4125 1004 4191 58).

201 4209 260 4261 The
278 4209 341 4274 levy
352 4208 460 4260 alluded
478 4217 505 4260 to
525 4209 553 4259 in
573 4209 619 4260 the
639 4208 722 4261 above
734 4227 786 4261 was
804 4209 881 4261 made
901 4210 930 4260 in
949 4211 1014 4261 1238
1034 4210 1069 4276 by
1081 4210 1204 4278 Gregory
1216 4211 1268 4263 IX.
1281 4229 1317 4264 on
1329 4211 1374 4264 the

167 4293 298 4346 churches
315 4293 345 4344 of
359 4292 459 4344 Grecos
469 4293 512 4344 for
523 4292 569 4344 the
587 4293 683 4345 benefit
694 4294 724 4344 of
739 4294 786 4345 the
803 4294 953 4360 struggling
965 4294 1046 4346 Latin
1064 4294 1166 4361 empire
1178 4295 1209 4346 of
1224 4295 1375 4347 Constanti·

168 4376 466 4443 nople-“Philippum
482 4377 608 4429 clericum
625 4377 792 4443 pontificium
806 4378 835 4428 in
852 4377 984 4430 Graeciam
995 4378 1069 4429 misit
1080 4385 1110 4429 ut
1121 4395 1156 4429 ex
1173 4378 1297 4431 omnibus
1309 4379 1375 4431 viris

166 4461 349 4513 ecclesiasticis
360 4460 531 4526 Patraoensis,
545 4461 745 4527 Corinthiensis,
755 4461 877 4514 Thebani
889 4469 968 4529 atque
980 4461 1153 4514 Atheniensis
1165 4462 1376 4530 archiepiscopa-

168 4553 244 4596 tuum
252 4545 359 4597 tertiam
369 4544 540 4611 vectigalium
552 4563 582 4597 ac
593 4545 723 4596 bonorum
734 4546 875 4597 mobilium
887 4545 1095 4598 convertendum
1104 4546 1375 4614 colligeret.’'—Ray·

172 4628 244 4680 nald.
258 4629 356 4680 Annal.
370 4646 431 4680 ann.
444 4630 509 4680 1238
522 4646 548 4680 n.
562 4630 585 4680 3.
