3098 5476
294 536 390 588 0111.
418 539 468 586 un
496 539 546 586 uo
574 538 646 595 our
674 539 841 587 course
871 535 1113 590 unuunr'un
1142 542 1231 591 nro.
1300 527 1368 590 111Δ

172 697 345 783 ignorantia
367 719 424 782 per
446 697 575 763 alterius
598 697 736 762 reuelata
758 698 972 785 prudentiam,
992 699 1118 784 eulpam
1141 701 1300 785 propriam
1325 724 1365 766 ex

170 801 267 866 aliena
304 800 449 866 doctrina
485 824 683 887 cognoscens,
718 802 887 887 apostolice
923 802 1005 868 sedis
1043 803 1241 868 clementiam
1274 805 1363 885 adiit,

172 905 413 970 misericordiam
436 906 602 991 petiturus.
656 907 744 985 Quia
769 930 841 972 uero
864 907 1050 992 simplicitas
1074 918 1198 994 coaptat
1220 931 1252 974 se
1275 910 1366 975 uenie

170 1019 382 1096 temperetque
407 1010 554 1095 rigorem,
581 1011 766 1076 auctoritate
791 1011 913 1076 domini
940 1035 1021 1098 pape
1051 1022 1106 1077 etc.
1133 1022 1287 1098 quatenus
1317 1014 1366 1077 iu-

171 1114 273 1179 iuncta
295 1115 324 1178 ei
347 1122 404 1179 etc.
431 1137 529 1200 usque
550 1114 735 1206 admittatis.

628 1308 676 1353 un
700 1308 831 1355 nonan.
855 1289 912 1378 (2).

210 1464 460 1550 Archiepiscopo
475 1465 634 1530 Remensi.
682 1465 735 1528 Ex
759 1465 971 1530 insinuatione
994 1475 1169 1531 uestrarum
1188 1468 1365 1553 accepimus

169 1567 344 1632 litterarum
368 1567 454 1655 quod
478 1590 551 1632 cum
576 1569 657 1634 bone
682 1569 830 1634 memorie
855 1569 1053 1654 predecessor
1075 1581 1179 1636 uester
1201 1572 1261 1637 sub
1284 1595 1365 1656 pena

167 1673 499 1738 excommunicationis
521 1672 709 1738 inhibuisset
731 1696 770 1738 ne
793 1673 864 1759 quis
886 1674 1070 1739 clericorum
1093 1698 1147 1739 sue
1169 1675 1300 1741 diocesis
1322 1676 1363 1740 ad

169 1776 292 1842 ordines
319 1776 532 1863 suscipiendos
558 1775 716 1841 accederet
745 1778 806 1841 nisi
837 1778 976 1863 legitime
1001 1789 1207 1865 presentatus,
1233 1817 1366 1830 ---

169 1881 297 1945 clericus
328 1881 410 1945 lator
435 1881 629 1966 presentium
652 1881 731 1946 citra
761 1880 981 1946 inhibitionem
1010 1882 1193 1948 huiusmodi
1223 1883 1366 1948 ordinem

169 1984 411 2050 subdiaconatus
433 1985 562 2070 accepit,
585 1985 770 2050 ministrans
795 1985 1021 2050 nichilominus
1044 1987 1076 2049 iu
1099 1987 1216 2053 eodem.
1264 1987 1367 2073 Super

169 2111 229 2174 quo
259 2087 390 2154 domino
422 2112 504 2175 pape
537 2088 700 2154 humiliter
730 2090 923 2175 supplicauit
953 2100 988 2154 ut
1017 2113 1089 2154 cum
1119 2115 1155 2156 eo
1185 2091 1368 2178 dispensare

171 2192 410 2258 misericorditer
439 2192 633 2278 dignaretur.
699 2192 769 2259 Nos
806 2204 912 2258 autem
945 2194 1143 2280 prouidentia
1178 2205 1279 2260 uestre
1310 2207 1367 2261 etc.

171 2305 325 2382 quatenus
355 2297 498 2362 iniuncta
528 2297 556 2361 ei
586 2307 641 2363 etc.
670 2320 769 2383 usque
799 2322 862 2362 non
894 2299 1045 2381 obstante,
1072 2323 1145 2363 cum
1175 2300 1244 2385 ipso
1273 2309 1369 2386 prout

170 2400 340 2466 secuudum
363 2401 530 2473 dominum
555 2401 703 2486 expedire
728 2401 870 2467 uideritis
892 2402 1088 2488 dispensetis

649 2613 891 2621 ———

721 2747 820 2813 CIII.

233 2941 291 3004 Du
314 2958 360 3005 so
382 2959 445 3016 our
467 2959 608 3005 conrnn
631 2939 850 3004 Maurarum
874 2940 1123 3005 Ouurrnroms
1146 2940 1306 3006 Rncaprr

684 3045 854 3111 Ouuruns

212 3220 334 3285 Abbati
350 3220 448 3284 saneti
460 3219 617 3285 dohannis
632 3219 671 3283 de
686 3219 876 3285 Ponderata.
922 3220 964 3285 D.
975 3220 1128 3305 presbiter
1144 3220 1225 3285 lator
1240 3243 1368 3306 presen-

173 3325 251 3388 tium
273 3324 365 3389 nobis
388 3323 552 3388 humiliter
568 3335 613 3388 est
635 3311 795 3388 consessus
817 3324 902 3410 quod
925 3347 997 3388 cum
1021 3323 1104 3389 idem
1124 3324 1200 3389 olim
1216 3347 1234 3388 a
1250 3323 1369 3389 Portu·

171 3429 303 3515 gallensi
333 3429 479 3514 episcopo
510 3451 567 3492 suo
593 3427 758 3493 diocesano
786 3429 881 3492 uellet
908 3429 1045 3493 minores
1075 3428 1200 3493 ordines
1230 3429 1367 3514 accipere

172 3533 293 3598 audiuit
308 3532 369 3597 sub
389 3555 469 3618 pena
492 3532 826 3597 excommunicationis
848 3532 1029 3619 episcopum
1052 3532 1226 3597 inhibuisse
1248 3531 1368 3617 predic-

172 3647 238 3702 tum
254 3659 293 3701 ne
309 3637 380 3722 quis
396 3635 457 3700 nisi
477 3636 640 3722 religiosus
656 3645 733 3700 tunc
747 3636 905 3701 accederet
919 3636 1122 3701 ordinandus
1168 3637 1243 3715 Quo
1259 3637 1368 3702 audito

172 3750 205 3806 ut
220 3742 317 3806 libere
338 3750 442 3827 posset
457 3740 581 3805 ordines
603 3741 688 3826 ipsos
709 3741 846 3826 accipere
869 3741 900 3803 iu
921 3742 1034 3805 uestris
1056 3741 1202 3825 promisit
1219 3741 1364 3806 manibus

172 3845 254 3931 quod
277 3854 418 3909 uestrum
440 3844 573 3909 intraret
596 3844 749 3927 ordinem,
766 3844 1018 3931 quandocunque
1042 3855 1205 3909 uocaretur
1227 3867 1246 3908 a
1267 3845 1368 3928 nobie,

172 3951 275 4036 sicque
296 3958 372 4013 tunc
394 3947 435 4011 ad
457 3959 594 4013 uestram
614 3950 875 4033 presentationem
895 3958 925 4012 et
944 3948 1003 4013 hoc
1026 3951 1094 4034 ipso
1117 3949 1262 4034 episcopo
1277 3950 1368 4035 igno-

172 4067 269 4136 rante,
300 4052 406 4116 extitit
435 4051 607 4117 ordinatus.
674 4051 776 4138 Super
805 4076 868 4138 quo
898 4076 969 4116 cum
1001 4052 1077 4117 uelit
1100 4052 1193 4139 quod
1223 4053 1370 4140 promisit

172 4157 301 4243 implere
324 4155 564 4242 dispensationis
587 4157 722 4241 gratiam
745 4157 928 4241 postulauit.
975 4157 1043 4221 Nos
1066 4157 1163 4241 igitur
1186 4158 1369 4222 auctoritate

171 4261 292 4326 domini
314 4283 395 4346 pape
419 4260 508 4327 uobis
531 4261 758 4325 committimus
783 4271 817 4323 ut
840 4270 1008 4347 postquam
1029 4261 1132 4325 dictus
1158 4262 1312 4347 presbiter
1334 4261 1369 4324 in

172 4365 361 4431 monasterio
399 4373 503 4429 uestro
541 4364 685 4428 habitum
723 4365 886 4450 religionis
922 4366 1137 4450 assumpserit,
1174 4364 1300 4429 uinculo
1337 4387 1370 4429 se

171 4469 372 4555 professionis
403 4469 590 4553 astringens
622 4469 647 4532 si
678 4468 765 4532 aliud
787 4469 979 4533 canonicum
1010 4493 1073 4534 non
1104 4469 1244 4551 obsistat,
1275 4491 1370 4554 super

171 4573 336 4638 ordinibus
365 4573 409 4637 sic
439 4572 589 4658 susceptis
626 4582 657 4636 et
686 4573 720 4635 in
750 4573 822 4636 aliis
851 4596 931 4659 quos
968 4573 1046 4637 alias
1076 4573 1280 4658 postmodum
1310 4573 1370 4636 rite

172 4679 305 4764 suscepit
326 4676 567 4761 dispensationis
590 4678 716 4740 ianuam
740 4677 886 4762 aperiatis
909 4676 1018 4742 eidem.
