<?xml version="1.0" encoding="UTF-8"?>
<!DOCTYPE html PUBLIC "-//W3C//DTD XHTML 1.0 Transitional//EN"
    "http://www.w3.org/TR/xhtml1/DTD/xhtml1-transitional.dtd">
<html xmlns="http://www.w3.org/1999/xhtml" xml:lang="en" lang="en">
 <head>
  <title>
</title>
<meta http-equiv="Content-Type" content="text/html;charset=utf-8" />
  <meta name='ocr-system' content='tesseract 3.04.00' />
  <meta name='ocr-capabilities' content='ocr_page ocr_carea ocr_par ocr_line ocrx_word'/>
</head>
<body>
  <div class='ocr_page' id='page_1' title='image "aformularypapal00leagoog_0093.png"; bbox 0 0 3098 5476; ppageno 0'>
   <div class='ocr_carea' id='block_1_1' title="bbox 179 473 1280 550">
    <p class='ocr_par' dir='ltr' id='par_1_1' title="bbox 179 473 1280 550">
     <span class='ocr_line' id='line_1_1' title="bbox 179 473 1280 550; baseline 0.002 -14"><span class='ocrx_word' id='word_1_1' title='bbox 179 473 223 550; x_wconf 68' lang='grc' dir='ltr'>ι44</span> <span class='ocrx_word' id='word_1_2' title='bbox 282 487 425 536; x_wconf 83' lang='lat' dir='ltr'>xxvrr.</span> <span class='ocrx_word' id='word_1_3' title='bbox 453 489 504 535; x_wconf 79' lang='lat' dir='ltr'>nr</span> <span class='ocrx_word' id='word_1_4' title='bbox 530 489 580 536; x_wconf 80' lang='lat' dir='ltr'>ro</span> <span class='ocrx_word' id='word_1_5' title='bbox 609 487 680 544; x_wconf 79' lang='lat' dir='ltr'>om</span> <span class='ocrx_word' id='word_1_6' title='bbox 708 488 894 537; x_wconf 76' lang='lat' dir='ltr'>uunrrar</span> <span class='ocrx_word' id='word_1_7' title='bbox 922 488 1017 536; x_wconf 81' lang='lat' dir='ltr'>assu</span> <span class='ocrx_word' id='word_1_8' title='bbox 1046 487 1280 547; x_wconf 73' lang='lat' dir='ltr'>nourcrnn.</span> 
     </span>
    </p>
   </div>
   <div class='ocr_carea' id='block_1_2' title="bbox 640 738 927 823">
    <p class='ocr_par' dir='ltr' id='par_1_2' title="bbox 640 738 927 823">
     <span class='ocr_line' id='line_1_2' title="bbox 640 738 927 823; baseline 0.014 -24"><span class='ocrx_word' id='word_1_9' title='bbox 640 756 689 800; x_wconf 83' lang='lat' dir='ltr'>nn</span> <span class='ocrx_word' id='word_1_10' title='bbox 711 756 844 803; x_wconf 79' lang='lat' dir='ltr'>nonan.</span> <span class='ocrx_word' id='word_1_11' title='bbox 869 738 927 823; x_wconf 89' lang='lat'>(6).</span> 
     </span>
    </p>
   </div>
   <div class='ocr_carea' id='block_1_3' title="bbox 172 928 1378 1744">
    <p class='ocr_par' dir='ltr' id='par_1_3' title="bbox 172 928 1378 1744">
     <span class='ocr_line' id='line_1_3' title="bbox 224 928 1374 1015; baseline 0.003 -24"><span class='ocrx_word' id='word_1_12' title='bbox 224 928 383 1014; x_wconf 80' lang='lat' dir='ltr'>Episcopo</span> <span class='ocrx_word' id='word_1_13' title='bbox 397 967 537 993; x_wconf 92' lang='lat'>——.</span> <span class='ocrx_word' id='word_1_14' title='bbox 581 928 675 996; x_wconf 85' lang='lat' dir='ltr'>Visis</span> <span class='ocrx_word' id='word_1_15' title='bbox 698 928 810 992; x_wconf 89' lang='lat' dir='ltr'>litteris</span> <span class='ocrx_word' id='word_1_16' title='bbox 833 928 949 993; x_wconf 91' lang='lat' dir='ltr'>uestris</span> <span class='ocrx_word' id='word_1_17' title='bbox 970 952 1049 1014; x_wconf 92' lang='lat' dir='ltr'>quas</span> <span class='ocrx_word' id='word_1_18' title='bbox 1072 930 1165 995; x_wconf 88' lang='lat' dir='ltr'>nobis</span> <span class='ocrx_word' id='word_1_19' title='bbox 1186 953 1246 1015; x_wconf 90' lang='lat' dir='ltr'>pro</span> <span class='ocrx_word' id='word_1_20' title='bbox 1263 931 1301 996; x_wconf 90' lang='lat' dir='ltr'>T.</span> <span class='ocrx_word' id='word_1_21' title='bbox 1317 930 1374 995; x_wconf 92' lang='lat' dir='ltr'>dia-</span> 
     </span>
     <span class='ocr_line' id='line_1_4' title="bbox 177 1032 1376 1118; baseline 0.002 -21"><span class='ocrx_word' id='word_1_22' title='bbox 177 1055 257 1098; x_wconf 92' lang='lat' dir='ltr'>cono</span> <span class='ocrx_word' id='word_1_23' title='bbox 269 1033 421 1098; x_wconf 87' lang='lat' dir='ltr'>monacho</span> <span class='ocrx_word' id='word_1_24' title='bbox 433 1033 613 1097; x_wconf 89' lang='lat' dir='ltr'>monasterii</span> <span class='ocrx_word' id='word_1_25' title='bbox 630 1033 729 1097; x_wconf 88' lang='lat' dir='ltr'>sancti</span> <span class='ocrx_word' id='word_1_26' title='bbox 742 1032 914 1098; x_wconf 86' lang='lat' dir='ltr'>Clementis</span> <span class='ocrx_word' id='word_1_27' title='bbox 930 1033 1126 1118; x_wconf 89' lang='lat' dir='ltr'>presentium</span> <span class='ocrx_word' id='word_1_28' title='bbox 1136 1033 1238 1099; x_wconf 87' lang='lat' dir='ltr'>latore</span> <span class='ocrx_word' id='word_1_29' title='bbox 1254 1035 1376 1100; x_wconf 90' lang='lat' dir='ltr'>misistis</span> 
     </span>
     <span class='ocr_line' id='line_1_5' title="bbox 178 1133 1374 1224; baseline 0.003 -25"><span class='ocrx_word' id='word_1_30' title='bbox 178 1137 283 1223; x_wconf 91' lang='lat' dir='ltr'>ipsum</span> <span class='ocrx_word' id='word_1_31' title='bbox 305 1139 347 1202; x_wconf 89' lang='lat' dir='ltr'>ad</span> <span class='ocrx_word' id='word_1_32' title='bbox 369 1159 426 1202; x_wconf 93' lang='lat' dir='ltr'>uos</span> <span class='ocrx_word' id='word_1_33' title='bbox 448 1136 600 1200; x_wconf 86' lang='lat' dir='ltr'>duximus</span> <span class='ocrx_word' id='word_1_34' title='bbox 623 1135 848 1201; x_wconf 90' lang='lat' dir='ltr'>remittendum</span> <span class='ocrx_word' id='word_1_35' title='bbox 871 1138 1056 1203; x_wconf 88' lang='lat' dir='ltr'>auctoritate</span> <span class='ocrx_word' id='word_1_36' title='bbox 1079 1133 1201 1202; x_wconf 93' lang='lat' dir='ltr'>domini</span> <span class='ocrx_word' id='word_1_37' title='bbox 1220 1162 1303 1224; x_wconf 90' lang='lat' dir='ltr'>pape</span> <span class='ocrx_word' id='word_1_38' title='bbox 1324 1149 1374 1204; x_wconf 87' lang='lat' dir='ltr'>etc.</span> 
     </span>
     <span class='ocr_line' id='line_1_6' title="bbox 178 1240 1376 1327; baseline 0.002 -23"><span class='ocrx_word' id='word_1_39' title='bbox 178 1250 333 1327; x_wconf 90' lang='lat' dir='ltr'>quatenus</span> <span class='ocrx_word' id='word_1_40' title='bbox 355 1243 382 1306; x_wconf 94' lang='lat' dir='ltr'>si</span> <span class='ocrx_word' id='word_1_41' title='bbox 404 1240 507 1306; x_wconf 91' lang='lat' dir='ltr'>dictus</span> <span class='ocrx_word' id='word_1_42' title='bbox 523 1242 561 1307; x_wconf 90' lang='lat' dir='ltr'>T.</span> <span class='ocrx_word' id='word_1_43' title='bbox 581 1241 682 1305; x_wconf 83' lang='lat' dir='ltr'>furem</span> <span class='ocrx_word' id='word_1_44' title='bbox 706 1264 769 1305; x_wconf 92' lang='lat' dir='ltr'>non</span> <span class='ocrx_word' id='word_1_45' title='bbox 793 1240 926 1307; x_wconf 82' lang='lat' dir='ltr'><strong>tradidit</strong></span> <span class='ocrx_word' id='word_1_46' title='bbox 941 1241 1038 1306; x_wconf 91' lang='lat' dir='ltr'>iudici</span> <span class='ocrx_word' id='word_1_47' title='bbox 1061 1242 1194 1307; x_wconf 89' lang='lat' dir='ltr'>seculari</span> <span class='ocrx_word' id='word_1_48' title='bbox 1219 1266 1277 1308; x_wconf 92' lang='lat' dir='ltr'>nec</span> <span class='ocrx_word' id='word_1_49' title='bbox 1300 1243 1376 1308; x_wconf 88' lang='lat' dir='ltr'>tradi</span> 
     </span>
     <span class='ocr_line' id='line_1_7' title="bbox 178 1345 1376 1434; baseline 0.002 -24"><span class='ocrx_word' id='word_1_50' title='bbox 178 1346 337 1411; x_wconf 91' lang='lat' dir='ltr'>consuluit</span> <span class='ocrx_word' id='word_1_51' title='bbox 354 1355 410 1411; x_wconf 91' lang='lat' dir='ltr'>aut</span> <span class='ocrx_word' id='word_1_52' title='bbox 427 1368 499 1410; x_wconf 92' lang='lat' dir='ltr'>cum</span> <span class='ocrx_word' id='word_1_53' title='bbox 522 1345 662 1430; x_wconf 87' lang='lat' dir='ltr'>captioni</span> <span class='ocrx_word' id='word_1_54' title='bbox 686 1345 825 1410; x_wconf 88' lang='lat' dir='ltr'>eiusdem</span> <span class='ocrx_word' id='word_1_55' title='bbox 849 1346 995 1411; x_wconf 77' lang='lat' dir='ltr'>interfuit</span> <span class='ocrx_word' id='word_1_56' title='bbox 1017 1369 1081 1411; x_wconf 92' lang='lat' dir='ltr'>non</span> <span class='ocrx_word' id='word_1_57' title='bbox 1104 1347 1254 1412; x_wconf 89' lang='lat' dir='ltr'>credebat</span> <span class='ocrx_word' id='word_1_58' title='bbox 1277 1349 1376 1434; x_wconf 91' lang='lat' dir='ltr'>ipsum</span> 
     </span>
     <span class='ocr_line' id='line_1_8' title="bbox 177 1449 1378 1538; baseline 0.002 -24"><span class='ocrx_word' id='word_1_59' title='bbox 177 1452 289 1515; x_wconf 89' lang='lat' dir='ltr'>mortis</span> <span class='ocrx_word' id='word_1_60' title='bbox 314 1450 455 1536; x_wconf 89' lang='lat' dir='ltr'>periculo</span> <span class='ocrx_word' id='word_1_61' title='bbox 479 1449 712 1536; x_wconf 83' lang='lat' dir='ltr'>exponendum,</span> <span class='ocrx_word' id='word_1_62' title='bbox 738 1473 801 1515; x_wconf 93' lang='lat' dir='ltr'>non</span> <span class='ocrx_word' id='word_1_63' title='bbox 828 1451 980 1537; x_wconf 90' lang='lat' dir='ltr'>reputetis</span> <span class='ocrx_word' id='word_1_64' title='bbox 1006 1474 1079 1515; x_wconf 91' lang='lat' dir='ltr'>eum</span> <span class='ocrx_word' id='word_1_65' title='bbox 1102 1461 1235 1538; x_wconf 89' lang='lat' dir='ltr'>propter</span> <span class='ocrx_word' id='word_1_66' title='bbox 1260 1475 1297 1517; x_wconf 92' lang='lat' dir='ltr'>ea</span> <span class='ocrx_word' id='word_1_67' title='bbox 1323 1476 1378 1538; x_wconf 90' lang='lat' dir='ltr'>que</span> 
     </span>
     <span class='ocr_line' id='line_1_9' title="bbox 172 1554 1376 1641; baseline 0.002 -22"><span class='ocrx_word' id='word_1_68' title='bbox 172 1554 311 1641; x_wconf 77' lang='lat' dir='ltr'>predicte</span> <span class='ocrx_word' id='word_1_69' title='bbox 329 1554 431 1619; x_wconf 89' lang='lat' dir='ltr'>littere</span> <span class='ocrx_word' id='word_1_70' title='bbox 446 1555 617 1636; x_wconf 82' lang='lat' dir='ltr'>continent,</span> <span class='ocrx_word' id='word_1_71' title='bbox 634 1576 713 1640; x_wconf 87' lang='lat' dir='ltr'>quas</span> <span class='ocrx_word' id='word_1_72' title='bbox 735 1554 796 1618; x_wconf 89' lang='lat' dir='ltr'>sub</span> <span class='ocrx_word' id='word_1_73' title='bbox 818 1554 924 1640; x_wconf 93' lang='lat' dir='ltr'>sigillo</span> <span class='ocrx_word' id='word_1_74' title='bbox 941 1565 1049 1621; x_wconf 86' lang='lat' dir='ltr'>nostro</span> <span class='ocrx_word' id='word_1_75' title='bbox 1068 1556 1160 1621; x_wconf 91' lang='lat' dir='ltr'>uobis</span> <span class='ocrx_word' id='word_1_76' title='bbox 1183 1558 1376 1622; x_wconf 84' lang='lat' dir='ltr'>remittimus</span> 
     </span>
     <span class='ocr_line' id='line_1_10' title="bbox 176 1657 1025 1744; baseline 0 -20"><span class='ocrx_word' id='word_1_77' title='bbox 176 1659 216 1724; x_wconf 88' lang='lat' dir='ltr'>ad</span> <span class='ocrx_word' id='word_1_78' title='bbox 232 1658 396 1740; x_wconf 88' lang='lat' dir='ltr'>cautelam,</span> <span class='ocrx_word' id='word_1_79' title='bbox 413 1658 656 1744; x_wconf 84' lang='lat' dir='ltr'>irregularitatis</span> <span class='ocrx_word' id='word_1_80' title='bbox 672 1657 899 1744; x_wconf 89' lang='lat' dir='ltr'>impedimento</span> <span class='ocrx_word' id='word_1_81' title='bbox 915 1660 1025 1724; x_wconf 89' lang='lat' dir='ltr'>teneri.</span> 
     </span>
    </p>
   </div>
   <div class='ocr_carea' id='block_1_4' title="bbox 635 1866 921 1954">
    <p class='ocr_par' dir='ltr' id='par_1_4' title="bbox 635 1866 921 1954">
     <span class='ocr_line' id='line_1_11' title="bbox 635 1866 921 1954; baseline 0.014 -24"><span class='ocrx_word' id='word_1_82' title='bbox 635 1886 683 1931; x_wconf 81' lang='lat' dir='ltr'>nn</span> <span class='ocrx_word' id='word_1_83' title='bbox 707 1885 838 1935; x_wconf 77' lang='lat' dir='ltr'>nonan.</span> <span class='ocrx_word' id='word_1_84' title='bbox 862 1866 921 1954; x_wconf 82' lang='lat'><strong>(7).</strong></span> 
     </span>
    </p>
   </div>
   <div class='ocr_carea' id='block_1_5' title="bbox 172 2057 1417 2774">
    <p class='ocr_par' dir='ltr' id='par_1_5' title="bbox 172 2057 1417 2774">
     <span class='ocr_line' id='line_1_12' title="bbox 218 2057 1376 2148; baseline 0.002 -24"><span class='ocrx_word' id='word_1_85' title='bbox 218 2061 376 2147; x_wconf 84' lang='lat' dir='ltr'>Episcopo</span> <span class='ocrx_word' id='word_1_86' title='bbox 402 2058 610 2125; x_wconf 84' lang='lat' dir='ltr'>Jaurinensi.¹</span> <span class='ocrx_word' id='word_1_87' title='bbox 656 2059 756 2123; x_wconf 90' lang='lat' dir='ltr'>Lator</span> <span class='ocrx_word' id='word_1_88' title='bbox 780 2059 976 2145; x_wconf 88' lang='lat' dir='ltr'>presentium</span> <span class='ocrx_word' id='word_1_89' title='bbox 1001 2057 1197 2148; x_wconf 90' lang='lat' dir='ltr'>[proposuit]</span> <span class='ocrx_word' id='word_1_90' title='bbox 1226 2060 1314 2148; x_wconf 91' lang='lat' dir='ltr'>quod</span> <span class='ocrx_word' id='word_1_91' title='bbox 1339 2061 1376 2126; x_wconf 89' lang='lat' dir='ltr'>ad</span> 
     </span>
     <span class='ocr_line' id='line_1_13' title="bbox 174 2162 1377 2230; baseline 0.002 -3"><span class='ocrx_word' id='word_1_92' title='bbox 174 2164 359 2229; x_wconf 86' lang='lat' dir='ltr'>mandatum</span> <span class='ocrx_word' id='word_1_93' title='bbox 383 2162 549 2228; x_wconf 90' lang='lat' dir='ltr'>cuiusdam</span> <span class='ocrx_word' id='word_1_94' title='bbox 573 2162 691 2228; x_wconf 89' lang='lat' dir='ltr'>nobilis</span> <span class='ocrx_word' id='word_1_95' title='bbox 717 2163 750 2226; x_wconf 93' lang='lat' dir='ltr'>in</span> <span class='ocrx_word' id='word_1_96' title='bbox 775 2163 864 2227; x_wconf 89' lang='lat' dir='ltr'>cuius</span> <span class='ocrx_word' id='word_1_97' title='bbox 891 2163 1020 2229; x_wconf 91' lang='lat' dir='ltr'>seruitio</span> <span class='ocrx_word' id='word_1_98' title='bbox 1045 2164 1231 2230; x_wconf 87' lang='lat' dir='ltr'>morabatur</span> <span class='ocrx_word' id='word_1_99' title='bbox 1258 2166 1377 2230; x_wconf 84' lang='lat' dir='ltr'>litteras</span> 
     </span>
     <span class='ocr_line' id='line_1_14' title="bbox 172 2267 1417 2355; baseline 0 -21"><span class='ocrx_word' id='word_1_100' title='bbox 172 2269 324 2354; x_wconf 88' lang='lat' dir='ltr'>quasdam</span> <span class='ocrx_word' id='word_1_101' title='bbox 347 2267 501 2354; x_wconf 86' lang='lat' dir='ltr'>sigillatas</span> <span class='ocrx_word' id='word_1_102' title='bbox 524 2268 648 2352; x_wconf 90' lang='lat' dir='ltr'>aperuit</span> <span class='ocrx_word' id='word_1_103' title='bbox 663 2275 781 2331; x_wconf 92' lang='lat' dir='ltr'>etcum</span> <span class='ocrx_word' id='word_1_104' title='bbox 805 2267 929 2352; x_wconf 83' lang='lat' dir='ltr'>legisset</span> <span class='ocrx_word' id='word_1_105' title='bbox 948 2290 1000 2333; x_wconf 88' lang='lat' dir='ltr'>eas</span> <span class='ocrx_word' id='word_1_106' title='bbox 1022 2268 1153 2333; x_wconf 92' lang='lat' dir='ltr'>nomina</span> <span class='ocrx_word' id='word_1_107' title='bbox 1173 2270 1374 2355; x_wconf 88' lang='lat' dir='ltr'>quorundam</span> <span class='ocrx_word' id='word_1_108' title='bbox 1414 2299 1417 2305; x_wconf 52' lang='lat'>²</span> 
     </span>
     <span class='ocr_line' id='line_1_15' title="bbox 173 2371 1377 2459; baseline 0.003 -24"><span class='ocrx_word' id='word_1_109' title='bbox 173 2374 307 2456; x_wconf 81' lang='lat' dir='ltr'>inuenit,</span> <span class='ocrx_word' id='word_1_110' title='bbox 323 2373 380 2459; x_wconf 88' lang='lat' dir='ltr'>qui</span> <span class='ocrx_word' id='word_1_111' title='bbox 403 2394 460 2457; x_wconf 91' lang='lat' dir='ltr'>per</span> <span class='ocrx_word' id='word_1_112' title='bbox 475 2372 620 2437; x_wconf 91' lang='lat' dir='ltr'>homines</span> <span class='ocrx_word' id='word_1_113' title='bbox 642 2371 784 2436; x_wconf 89' lang='lat' dir='ltr'>eiusdam</span> <span class='ocrx_word' id='word_1_114' title='bbox 801 2371 917 2437; x_wconf 93' lang='lat' dir='ltr'>nobilis</span> <span class='ocrx_word' id='word_1_115' title='bbox 941 2373 1066 2437; x_wconf 82' lang='lat' dir='ltr'>inerant</span> <span class='ocrx_word' id='word_1_116' title='bbox 1081 2372 1121 2437; x_wconf 92' lang='lat' dir='ltr'>de</span> <span class='ocrx_word' id='word_1_117' title='bbox 1142 2374 1307 2440; x_wconf 89' lang='lat' dir='ltr'>maleficiis</span> <span class='ocrx_word' id='word_1_118' title='bbox 1329 2399 1377 2439; x_wconf 89' lang='lat' dir='ltr'>ac·</span> 
     </span>
     <span class='ocr_line' id='line_1_16' title="bbox 172 2475 1373 2564; baseline 0.001 -22"><span class='ocrx_word' id='word_1_119' title='bbox 172 2478 281 2560; x_wconf 78' lang='lat' dir='ltr'>ansati,</span> <span class='ocrx_word' id='word_1_120' title='bbox 302 2476 342 2541; x_wconf 91' lang='lat' dir='ltr'>de</span> <span class='ocrx_word' id='word_1_121' title='bbox 365 2477 482 2562; x_wconf 91' lang='lat' dir='ltr'>quibus</span> <span class='ocrx_word' id='word_1_122' title='bbox 505 2475 606 2562; x_wconf 89' lang='lat' dir='ltr'>aliqui</span> <span class='ocrx_word' id='word_1_123' title='bbox 629 2475 787 2540; x_wconf 87' lang='lat' dir='ltr'>exoculati</span> <span class='ocrx_word' id='word_1_124' title='bbox 812 2475 951 2560; x_wconf 83' lang='lat' dir='ltr'>fuerunt,</span> <span class='ocrx_word' id='word_1_125' title='bbox 974 2476 1046 2542; x_wconf 88' lang='lat' dir='ltr'>aliis</span> <span class='ocrx_word' id='word_1_126' title='bbox 1071 2476 1314 2564; x_wconf 86' lang='lat' dir='ltr'>condempnatis</span> <span class='ocrx_word' id='word_1_127' title='bbox 1337 2479 1373 2544; x_wconf 91' lang='lat' dir='ltr'>ad</span> 
     </span>
     <span class='ocr_line' id='line_1_17' title="bbox 173 2579 1374 2669; baseline 0.003 -25"><span class='ocrx_word' id='word_1_128' title='bbox 173 2591 317 2660; x_wconf 89' lang='lat' dir='ltr'>mortem,</span> <span class='ocrx_word' id='word_1_129' title='bbox 333 2581 476 2667; x_wconf 89' lang='lat' dir='ltr'>predicto</span> <span class='ocrx_word' id='word_1_130' title='bbox 492 2618 617 2630; x_wconf 94' lang='lat'>—</span> <span class='ocrx_word' id='word_1_131' title='bbox 637 2579 676 2644; x_wconf 93' lang='lat' dir='ltr'>ad</span> <span class='ocrx_word' id='word_1_132' title='bbox 701 2580 760 2645; x_wconf 90' lang='lat' dir='ltr'>hoc</span> <span class='ocrx_word' id='word_1_133' title='bbox 782 2603 847 2645; x_wconf 92' lang='lat' dir='ltr'>non</span> <span class='ocrx_word' id='word_1_134' title='bbox 869 2580 964 2645; x_wconf 88' lang='lat' dir='ltr'>dante</span> <span class='ocrx_word' id='word_1_135' title='bbox 980 2604 1073 2666; x_wconf 93' lang='lat' dir='ltr'>opem</span> <span class='ocrx_word' id='word_1_136' title='bbox 1089 2591 1145 2646; x_wconf 88' lang='lat' dir='ltr'>etc.</span> <span class='ocrx_word' id='word_1_137' title='bbox 1164 2606 1268 2669; x_wconf 92' lang='lat' dir='ltr'>usque</span> <span class='ocrx_word' id='word_1_138' title='bbox 1290 2584 1374 2649; x_wconf 79' lang='lat' dir='ltr'>fauo·</span> 
     </span>
     <span class='ocr_line' id='line_1_18' title="bbox 172 2683 1375 2774; baseline 0.002 -25"><span class='ocrx_word' id='word_1_139' title='bbox 172 2709 247 2750; x_wconf 91' lang='lat' dir='ltr'>rem.</span> <span class='ocrx_word' id='word_1_140' title='bbox 293 2685 395 2771; x_wconf 81' lang='lat' dir='ltr'>Super</span> <span class='ocrx_word' id='word_1_141' title='bbox 418 2708 481 2771; x_wconf 93' lang='lat' dir='ltr'>quo</span> <span class='ocrx_word' id='word_1_142' title='bbox 504 2695 561 2749; x_wconf 88' lang='lat' dir='ltr'>etc.</span> <span class='ocrx_word' id='word_1_143' title='bbox 581 2707 681 2770; x_wconf 91' lang='lat' dir='ltr'>usque</span> <span class='ocrx_word' id='word_1_144' title='bbox 702 2684 873 2771; x_wconf 89' lang='lat' dir='ltr'>prouideri.</span> <span class='ocrx_word' id='word_1_145' title='bbox 919 2683 989 2750; x_wconf 91' lang='lat' dir='ltr'>Nos</span> <span class='ocrx_word' id='word_1_146' title='bbox 1011 2697 1117 2750; x_wconf 89' lang='lat' dir='ltr'>autem</span> <span class='ocrx_word' id='word_1_147' title='bbox 1140 2695 1198 2752; x_wconf 90' lang='lat' dir='ltr'>etc.</span> <span class='ocrx_word' id='word_1_148' title='bbox 1220 2697 1375 2774; x_wconf 86' lang='lat' dir='ltr'>quatenus</span> 
     </span>
    </p>
   </div>
   <div class='ocr_carea' id='block_1_6' title="bbox 171 2788 1372 2980">
    <p class='ocr_par' dir='ltr' id='par_1_6' title="bbox 171 2788 1372 2980">
     <span class='ocr_line' id='line_1_19' title="bbox 171 2788 1372 2876; baseline 0.002 -23"><span class='ocrx_word' id='word_1_149' title='bbox 171 2790 333 2875; x_wconf 87' lang='lat' dir='ltr'>inquisitis</span> <span class='ocrx_word' id='word_1_150' title='bbox 355 2811 451 2875; x_wconf 90' lang='lat' dir='ltr'>super</span> <span class='ocrx_word' id='word_1_151' title='bbox 466 2789 528 2853; x_wconf 92' lang='lat' dir='ltr'>hiis</span> <span class='ocrx_word' id='word_1_152' title='bbox 544 2812 605 2874; x_wconf 91' lang='lat' dir='ltr'>que</span> <span class='ocrx_word' id='word_1_153' title='bbox 621 2788 739 2853; x_wconf 90' lang='lat' dir='ltr'>fuerint</span> <span class='ocrx_word' id='word_1_154' title='bbox 754 2788 954 2874; x_wconf 89' lang='lat' dir='ltr'>inquirenda,</span> <span class='ocrx_word' id='word_1_155' title='bbox 970 2790 998 2854; x_wconf 95' lang='lat' dir='ltr'>si</span> <span class='ocrx_word' id='word_1_156' title='bbox 1018 2813 1066 2854; x_wconf 85' lang='lat' dir='ltr'>res</span> <span class='ocrx_word' id='word_1_157' title='bbox 1081 2790 1126 2854; x_wconf 93' lang='lat' dir='ltr'>ita</span> <span class='ocrx_word' id='word_1_158' title='bbox 1141 2813 1175 2856; x_wconf 87' lang='lat' dir='ltr'>se</span> <span class='ocrx_word' id='word_1_159' title='bbox 1190 2791 1297 2876; x_wconf 86' lang='lat' dir='ltr'>habet,</span> <span class='ocrx_word' id='word_1_160' title='bbox 1313 2815 1372 2858; x_wconf 92' lang='lat' dir='ltr'>non</span> 
     </span>
     <span class='ocr_line' id='line_1_20' title="bbox 171 2881 1331 2980; baseline 0.003 -22"><span class='ocrx_word' id='word_1_161' title='bbox 171 2881 323 2979; x_wconf 85' lang='lat' dir='ltr'>reputetis</span> <span class='ocrx_word' id='word_1_162' title='bbox 338 2892 472 2958; x_wconf 89' lang='lat' dir='ltr'>cundem</span> <span class='ocrx_word' id='word_1_163' title='bbox 488 2915 528 2957; x_wconf 88' lang='lat' dir='ltr'>ex</span> <span class='ocrx_word' id='word_1_164' title='bbox 543 2893 705 2978; x_wconf 88' lang='lat' dir='ltr'>premissis</span> <span class='ocrx_word' id='word_1_165' title='bbox 721 2893 962 2978; x_wconf 85' lang='lat' dir='ltr'>irregularitatis</span> <span class='ocrx_word' id='word_1_166' title='bbox 977 2893 1205 2980; x_wconf 88' lang='lat' dir='ltr'>impedimento</span> <span class='ocrx_word' id='word_1_167' title='bbox 1220 2897 1331 2962; x_wconf 89' lang='lat' dir='ltr'>teneri.</span> 
     </span>
    </p>
   </div>
   <div class='ocr_carea' id='block_1_7' title="bbox 632 3101 918 3189">
    <p class='ocr_par' dir='ltr' id='par_1_7' title="bbox 632 3101 918 3189">
     <span class='ocr_line' id='line_1_21' title="bbox 632 3101 918 3189; baseline 0.007 -24"><span class='ocrx_word' id='word_1_168' title='bbox 632 3121 680 3166; x_wconf 80' lang='lat' dir='ltr'>nn</span> <span class='ocrx_word' id='word_1_169' title='bbox 704 3120 836 3168; x_wconf 76' lang='lat' dir='ltr'>nonan.</span> <span class='ocrx_word' id='word_1_170' title='bbox 860 3101 918 3189; x_wconf 89' lang='lat'><strong>(8).</strong></span> 
     </span>
    </p>
   </div>
   <div class='ocr_carea' id='block_1_8' title="bbox 173 3294 1373 3589">
    <p class='ocr_par' dir='ltr' id='par_1_8' title="bbox 173 3294 1373 3589">
     <span class='ocr_line' id='line_1_22' title="bbox 216 3294 1370 3383; baseline 0 -22"><span class='ocrx_word' id='word_1_171' title='bbox 216 3296 248 3362; x_wconf 80' lang='lat' dir='ltr'>S.</span> <span class='ocrx_word' id='word_1_172' title='bbox 274 3296 385 3382; x_wconf 88' lang='lat' dir='ltr'>petitio</span> <span class='ocrx_word' id='word_1_173' title='bbox 411 3294 592 3360; x_wconf 91' lang='lat' dir='ltr'>continebat</span> <span class='ocrx_word' id='word_1_174' title='bbox 618 3294 703 3380; x_wconf 91' lang='lat' dir='ltr'>quod</span> <span class='ocrx_word' id='word_1_175' title='bbox 731 3294 803 3359; x_wconf 87' lang='lat' dir='ltr'>licet</span> <span class='ocrx_word' id='word_1_176' title='bbox 828 3317 901 3359; x_wconf 92' lang='lat' dir='ltr'>eum</span> <span class='ocrx_word' id='word_1_177' title='bbox 928 3295 1116 3360; x_wconf 91' lang='lat' dir='ltr'>conscientia</span> <span class='ocrx_word' id='word_1_178' title='bbox 1147 3297 1280 3383; x_wconf 90' lang='lat' dir='ltr'>propria</span> <span class='ocrx_word' id='word_1_179' title='bbox 1308 3321 1370 3363; x_wconf 92' lang='lat' dir='ltr'>non</span> 
     </span>
     <span class='ocr_line' id='line_1_23' title="bbox 173 3399 1373 3486; baseline -0.001 -20"><span class='ocrx_word' id='word_1_180' title='bbox 173 3410 295 3466; x_wconf 87' lang='lat' dir='ltr'>accuset</span> <span class='ocrx_word' id='word_1_181' title='bbox 319 3400 404 3486; x_wconf 91' lang='lat' dir='ltr'>quod</span> <span class='ocrx_word' id='word_1_182' title='bbox 432 3399 466 3462; x_wconf 93' lang='lat' dir='ltr'>in</span> <span class='ocrx_word' id='word_1_183' title='bbox 491 3422 595 3464; x_wconf 90' lang='lat' dir='ltr'>necem</span> <span class='ocrx_word' id='word_1_184' title='bbox 620 3399 754 3463; x_wconf 90' lang='lat' dir='ltr'>alicuius</span> <span class='ocrx_word' id='word_1_185' title='bbox 780 3422 872 3486; x_wconf 90' lang='lat' dir='ltr'>opem</span> <span class='ocrx_word' id='word_1_186' title='bbox 897 3399 949 3463; x_wconf 90' lang='lat' dir='ltr'>uel</span> <span class='ocrx_word' id='word_1_187' title='bbox 974 3422 1100 3484; x_wconf 90' lang='lat' dir='ltr'>operam</span> <span class='ocrx_word' id='word_1_188' title='bbox 1124 3399 1248 3466; x_wconf 86' lang='lat' dir='ltr'>dederit</span> <span class='ocrx_word' id='word_1_189' title='bbox 1273 3403 1373 3468; x_wconf 92' lang='lat' dir='ltr'>consi-</span> 
     </span>
     <span class='ocr_line' id='line_1_24' title="bbox 173 3503 1371 3589; baseline 0.001 -20"><span class='ocrx_word' id='word_1_190' title='bbox 173 3506 253 3569; x_wconf 93' lang='lat' dir='ltr'>lium</span> <span class='ocrx_word' id='word_1_191' title='bbox 277 3504 327 3569; x_wconf 91' lang='lat' dir='ltr'>uel</span> <span class='ocrx_word' id='word_1_192' title='bbox 354 3505 506 3586; x_wconf 85' lang='lat' dir='ltr'>fauorem,</span> <span class='ocrx_word' id='word_1_193' title='bbox 530 3503 607 3566; x_wconf 91' lang='lat' dir='ltr'>dum</span> <span class='ocrx_word' id='word_1_194' title='bbox 634 3513 714 3568; x_wconf 89' lang='lat' dir='ltr'>esset</span> <span class='ocrx_word' id='word_1_195' title='bbox 739 3503 771 3566; x_wconf 93' lang='lat' dir='ltr'>in</span> <span class='ocrx_word' id='word_1_196' title='bbox 794 3503 1068 3569; x_wconf 88' lang='lat' dir='ltr'>administratione</span> <span class='ocrx_word' id='word_1_197' title='bbox 1095 3503 1190 3570; x_wconf 90' lang='lat' dir='ltr'>officii</span> <span class='ocrx_word' id='word_1_198' title='bbox 1214 3507 1371 3589; x_wconf 89' lang='lat' dir='ltr'>secularis,</span> 
     </span>
    </p>
   </div>
   <div class='ocr_carea' id='block_1_9' title="bbox 171 3607 1370 3696">
    <p class='ocr_par' dir='ltr' id='par_1_9' title="bbox 171 3607 1370 3696">
     <span class='ocr_line' id='line_1_25' title="bbox 171 3607 1370 3696; baseline 0.001 -21"><span class='ocrx_word' id='word_1_199' title='bbox 171 3620 278 3675; x_wconf 88' lang='lat' dir='ltr'>tamen</span> <span class='ocrx_word' id='word_1_200' title='bbox 302 3609 376 3695; x_wconf 93' lang='lat' dir='ltr'>quia</span> <span class='ocrx_word' id='word_1_201' title='bbox 400 3609 518 3673; x_wconf 91' lang='lat' dir='ltr'>bonum</span> <span class='ocrx_word' id='word_1_202' title='bbox 544 3618 591 3673; x_wconf 88' lang='lat' dir='ltr'>est</span> <span class='ocrx_word' id='word_1_203' title='bbox 614 3607 659 3672; x_wconf 93' lang='lat' dir='ltr'>ibi</span> <span class='ocrx_word' id='word_1_204' title='bbox 684 3607 811 3694; x_wconf 87' lang='lat' dir='ltr'>culpam</span> <span class='ocrx_word' id='word_1_205' title='bbox 835 3631 1001 3693; x_wconf 87' lang='lat' dir='ltr'>agnoscere</span> <span class='ocrx_word' id='word_1_206' title='bbox 1025 3609 1080 3673; x_wconf 92' lang='lat' dir='ltr'>ubi</span> <span class='ocrx_word' id='word_1_207' title='bbox 1106 3609 1201 3696; x_wconf 88' lang='lat' dir='ltr'>culpa</span> <span class='ocrx_word' id='word_1_208' title='bbox 1225 3633 1291 3676; x_wconf 92' lang='lat' dir='ltr'>non</span> <span class='ocrx_word' id='word_1_209' title='bbox 1316 3620 1370 3689; x_wconf 87' lang='lat' dir='ltr'>est,</span> 
     </span>
    </p>
   </div>
   <div class='ocr_carea' id='block_1_10' title="bbox 168 3712 1377 4197">
    <p class='ocr_par' dir='ltr' id='par_1_10' title="bbox 168 3712 1377 4197">
     <span class='ocr_line' id='line_1_26' title="bbox 171 3712 1377 3801; baseline 0.002 -24"><span class='ocrx_word' id='word_1_210' title='bbox 171 3713 331 3778; x_wconf 89' lang='lat' dir='ltr'>dubitauit</span> <span class='ocrx_word' id='word_1_211' title='bbox 355 3713 504 3777; x_wconf 91' lang='lat' dir='ltr'>hactenus</span> <span class='ocrx_word' id='word_1_212' title='bbox 533 3712 574 3776; x_wconf 91' lang='lat' dir='ltr'>ad</span> <span class='ocrx_word' id='word_1_213' title='bbox 600 3735 703 3777; x_wconf 89' lang='lat' dir='ltr'>sacros</span> <span class='ocrx_word' id='word_1_214' title='bbox 727 3712 853 3778; x_wconf 89' lang='lat' dir='ltr'>ordines</span> <span class='ocrx_word' id='word_1_215' title='bbox 880 3713 1070 3799; x_wconf 86' lang='lat' dir='ltr'>promoueri.</span> <span class='ocrx_word' id='word_1_216' title='bbox 1125 3712 1230 3799; x_wconf 83' lang='lat' dir='ltr'>Super</span> <span class='ocrx_word' id='word_1_217' title='bbox 1257 3718 1377 3801; x_wconf 90' lang='lat' dir='ltr'>quibus</span> 
     </span>
     <span class='ocr_line' id='line_1_27' title="bbox 171 3816 1371 3906; baseline 0.001 -23"><span class='ocrx_word' id='word_1_218' title='bbox 171 3830 227 3885; x_wconf 82' lang='lat' dir='ltr'>etc.</span> <span class='ocrx_word' id='word_1_219' title='bbox 272 3818 360 3896; x_wconf 75' lang='lat' dir='ltr'>Quia</span> <span class='ocrx_word' id='word_1_220' title='bbox 376 3840 450 3882; x_wconf 93' lang='lat' dir='ltr'>uero</span> <span class='ocrx_word' id='word_1_221' title='bbox 465 3816 504 3881; x_wconf 91' lang='lat' dir='ltr'>de</span> <span class='ocrx_word' id='word_1_222' title='bbox 520 3817 602 3881; x_wconf 87' lang='lat' dir='ltr'>facto</span> <span class='ocrx_word' id='word_1_223' title='bbox 617 3825 648 3880; x_wconf 85' lang='lat' dir='ltr'>et</span> <span class='ocrx_word' id='word_1_224' title='bbox 664 3816 738 3881; x_wconf 87' lang='lat' dir='ltr'>facti</span> <span class='ocrx_word' id='word_1_225' title='bbox 760 3817 1003 3882; x_wconf 89' lang='lat' dir='ltr'>circumstantiis</span> <span class='ocrx_word' id='word_1_226' title='bbox 1019 3827 1075 3883; x_wconf 89' lang='lat' dir='ltr'>ete.</span> <span class='ocrx_word' id='word_1_227' title='bbox 1092 3817 1255 3883; x_wconf 84' lang='lat' dir='ltr'>informati</span> <span class='ocrx_word' id='word_1_228' title='bbox 1274 3842 1371 3906; x_wconf 88' lang='lat' dir='ltr'>usque</span> 
     </span>
     <span class='ocr_line' id='line_1_28' title="bbox 169 3920 1371 4009; baseline 0.002 -23"><span class='ocrx_word' id='word_1_229' title='bbox 169 3922 210 3986; x_wconf 90' lang='lat' dir='ltr'>ad</span> <span class='ocrx_word' id='word_1_230' title='bbox 230 3921 356 3986; x_wconf 90' lang='lat' dir='ltr'>ordines</span> <span class='ocrx_word' id='word_1_231' title='bbox 378 3944 481 3986; x_wconf 87' lang='lat' dir='ltr'>sacros</span> <span class='ocrx_word' id='word_1_232' title='bbox 504 3920 697 3986; x_wconf 88' lang='lat' dir='ltr'>interdicatis</span> <span class='ocrx_word' id='word_1_233' title='bbox 720 3944 886 3985; x_wconf 88' lang='lat' dir='ltr'>accessum.</span> <span class='ocrx_word' id='word_1_234' title='bbox 933 3921 1090 4007; x_wconf 85' lang='lat' dir='ltr'>Alioquin</span> <span class='ocrx_word' id='word_1_235' title='bbox 1113 3944 1187 3986; x_wconf 91' lang='lat' dir='ltr'>cum</span> <span class='ocrx_word' id='word_1_236' title='bbox 1201 3946 1285 4009; x_wconf 88' lang='lat' dir='ltr'>pena</span> <span class='ocrx_word' id='word_1_237' title='bbox 1300 3947 1371 3989; x_wconf 89' lang='lat' dir='ltr'>suos</span> 
     </span>
     <span class='ocr_line' id='line_1_29' title="bbox 168 4024 1368 4111; baseline 0.001 -21"><span class='ocrx_word' id='word_1_238' title='bbox 168 4026 280 4090; x_wconf 90' lang='lat' dir='ltr'>debeat</span> <span class='ocrx_word' id='word_1_239' title='bbox 305 4035 411 4091; x_wconf 91' lang='lat' dir='ltr'>tenere</span> <span class='ocrx_word' id='word_1_240' title='bbox 440 4034 558 4090; x_wconf 87' lang='lat' dir='ltr'>actores</span> <span class='ocrx_word' id='word_1_241' title='bbox 588 4033 644 4091; x_wconf 90' lang='lat' dir='ltr'>etc.</span> <span class='ocrx_word' id='word_1_242' title='bbox 673 4048 770 4111; x_wconf 90' lang='lat' dir='ltr'>usque</span> <span class='ocrx_word' id='word_1_243' title='bbox 800 4024 841 4089; x_wconf 94' lang='lat' dir='ltr'>ad</span> <span class='ocrx_word' id='word_1_244' title='bbox 867 4025 993 4090; x_wconf 92' lang='lat' dir='ltr'>ordines</span> <span class='ocrx_word' id='word_1_245' title='bbox 1023 4049 1126 4091; x_wconf 89' lang='lat' dir='ltr'>sacros</span> <span class='ocrx_word' id='word_1_246' title='bbox 1153 4025 1280 4092; x_wconf 88' lang='lat' dir='ltr'>aditum</span> <span class='ocrx_word' id='word_1_247' title='bbox 1307 4051 1368 4094; x_wconf 91' lang='lat' dir='ltr'>non</span> 
     </span>
     <span class='ocr_line' id='line_1_30' title="bbox 169 4129 1092 4197; baseline 0.002 -2"><span class='ocrx_word' id='word_1_248' title='bbox 169 4130 323 4196; x_wconf 89' lang='lat' dir='ltr'>claudatis</span> <span class='ocrx_word' id='word_1_249' title='bbox 345 4129 520 4195; x_wconf 91' lang='lat' dir='ltr'>dummodo</span> <span class='ocrx_word' id='word_1_250' title='bbox 543 4129 632 4193; x_wconf 90' lang='lat' dir='ltr'>aliud</span> <span class='ocrx_word' id='word_1_251' title='bbox 654 4130 843 4194; x_wconf 89' lang='lat' dir='ltr'>canonicum</span> <span class='ocrx_word' id='word_1_252' title='bbox 863 4154 927 4194; x_wconf 93' lang='lat' dir='ltr'>non</span> <span class='ocrx_word' id='word_1_253' title='bbox 952 4130 1092 4197; x_wconf 89' lang='lat' dir='ltr'>obsistat.</span> 
     </span>
    </p>
   </div>
   <div class='ocr_carea' id='block_1_11' title="bbox 617 4334 921 4402">
    <p class='ocr_par' dir='ltr' id='par_1_11' title="bbox 617 4334 921 4402">
     <span class='ocr_line' id='line_1_31' title="bbox 617 4334 921 4402; baseline 0 -16"><span class='ocrx_word' id='word_1_254' title='bbox 617 4334 625 4364; x_wconf 87' lang='lat'>¹</span> <span class='ocrx_word' id='word_1_255' title='bbox 644 4335 725 4400; x_wconf 81' lang='lat' dir='ltr'>Raab,</span> <span class='ocrx_word' id='word_1_256' title='bbox 739 4336 767 4387; x_wconf 91' lang='lat' dir='ltr'>in</span> <span class='ocrx_word' id='word_1_257' title='bbox 780 4336 921 4402; x_wconf 87' lang='lat' dir='ltr'>Hungary.</span> 
     </span>
    </p>
   </div>
   <div class='ocr_carea' id='block_1_12' title="bbox 0 0 1554 5476">
    <p class='ocr_par' dir='ltr' id='par_1_12' title="bbox 0 0 1554 5476">
     <span class='ocr_line' id='line_1_32' title="bbox 0 0 1554 5476; baseline 0 2"><span class='ocrx_word' id='word_1_258' title='bbox 0 0 1554 5476; x_wconf 95' lang='lat' dir='ltr'> </span> 
     </span>
    </p>
   </div>
  </div>
 </body>
</html>
