3098 5476
218 568 347 616 XLIII.
372 569 422 615 DE
450 567 933 624 INQUISITIONE.-XLIV.
958 571 1008 617 DE
1037 570 1304 621 EXOESSIBUS.
1334 555 1374 620 61

709 815 849 882 XLIII.

194 1006 253 1070 Du
278 1006 531 1083 Incursrmcnn
556 1005 824 1071 Oouurruuuon
846 1026 961 1072 sunna
984 1007 1151 1073 IusAnnA
1174 1009 1354 1074 Anrcurus

698 1110 855 1177 Cunnrcn

218 1286 380 1372 Episcopo
395 1284 608 1351 Tricoriensi.¹
653 1285 791 1351 Causam
807 1285 953 1352 Oddonis
976 1287 1159 1353 subdiaconi
1183 1288 1291 1353 latoris
1307 1312 1375 1374 pre·

170 1392 311 1455 sentium
333 1390 422 1455 litem
445 1389 592 1455 conuenit
612 1390 811 1476 presentibus
833 1391 1000 1455 intercluse
1024 1391 1109 1478 [sic]
1155 1393 1284 1460 Verum
1299 1393 1375 1479 quia

169 1518 212 1560 ex
228 1494 291 1560 hiis
314 1518 376 1581 que
397 1494 600 1560 continentur
614 1495 648 1558 in
664 1493 743 1580 ipsis
766 1494 878 1580 objecti
900 1495 1042 1560 criminis
1064 1496 1158 1582 plena
1174 1519 1238 1562 non
1253 1506 1375 1562 constat

170 1599 329 1686 probatio,
363 1597 531 1685 prudentie
563 1608 666 1663 uestre
699 1599 884 1664 auctoritate
915 1598 1037 1664 domini
1070 1623 1151 1687 pape
1179 1600 1374 1666 consulimus

171 1712 329 1790 quatenus
353 1704 380 1768 si
404 1703 507 1768 dictus
532 1702 573 1768 Ο.
590 1712 720 1789 propter
745 1703 803 1768 hoc
827 1703 869 1767 sit
893 1726 1051 1789 respersus
1074 1704 1207 1769 infamia
1231 1705 1259 1769 ei
1284 1705 1375 1770 iuxta

171 1808 362 1894 qualitatem
378 1807 477 1894 ipsius
499 1809 721 1894 purgationem
736 1808 918 1872 canonicam
934 1807 1090 1893 indicatis,
1107 1817 1137 1873 et
1153 1809 1179 1873 si
1203 1809 1374 1894 prestiterit

171 1913 274 1998 ipsam
297 1912 358 1978 sibi
381 1912 507 1998 quoad
531 1911 739 1999 receptionem
755 1911 891 1977 aliorum
907 1911 1055 1976 ordinum
1071 1914 1161 1998 pium
1184 1913 1374 1999 impendatis

170 2017 402 2104 prosecutionis
423 2015 580 2081 affectum.
640 2015 676 2080 si
698 2026 802 2080 autem
826 2015 973 2081 defecerit
996 2026 1026 2081 et
1049 2017 1299 2102 recipiendorum
1324 2041 1375 2082 01·-

171 2121 286 2185 dinum
313 2121 508 2186 interdicatis
534 2143 696 2186 ascensum
720 2143 756 2185 ac
781 2143 800 2185 a
823 2129 1037 2207 susceptorum
1063 2121 1169 2208 ipsum
1192 2123 1375 2187 executione

170 2227 316 2313 priuetis

636 2365 684 2409 nn
707 2363 839 2410 nonum.
863 2345 920 2432 (2).

216 2522 467 2609 Archiepisoopo
499 2520 659 2586 Remensi.
720 2521 805 2588 Viso
842 2521 1058 2607 inquisiti0nis
1096 2544 1241 2607 processu
1279 2546 1375 2608 quem

170 2627 411 2692 archidiaconus
441 2636 544 2691 uester
574 2647 633 2710 pru
662 2627 700 2690 T.
729 2625 904 2709 presbitero
932 2624 972 2689 de
1000 2626 1093 2694 Vim.
1118 2625 1218 2690 latore
1246 2649 1375 2712 presen-

170 2733 254 2797 tium
273 2731 314 2796 ad
337 2731 442 2796 sedem
460 2729 664 2817 apostolicam
680 2729 861 2812 destinauit,
877 2729 916 2794 de
938 2729 1065 2816 speciali
1088 2729 1238 2795 mandato
1253 2730 1376 2795 domini

171 2859 254 2923 pape
277 2837 384 2924 ipsum
408 2835 449 2900 ad
473 2858 529 2901 uos
553 2835 705 2899 duximus
729 2834 963 2916 remittendum,
981 2845 1016 2898 ut
1038 2835 1065 2898 si
1089 2835 1262 2900 seeundum
1285 2835 1377 2922 culpe

173 2941 323 3006 meritum
346 2950 377 3006 et
393 2938 523 3005 modum
539 2939 669 3004 infamis
693 2938 897 3024 inquisitione
920 2938 1002 3003 fucta
1026 2962 1090 3004 non
1111 2939 1254 3004 constitit
1270 2939 1375 3004 adhuc

171 3045 358 3131 diligentius
385 3044 507 3110 faciatis
537 3044 667 3129 inquiri,
695 3044 868 3128 processuri
899 3042 1126 3108 nichilominus
1155 3045 1237 3108 circa
1268 3044 1373 3131 ipsum

171 3151 264 3214 iuxta
286 3149 430 3214 debitum
453 3148 549 3214 officii
572 3147 749 3235 pastoralis,

709 3444 847 3512 XLIV.

378 3637 436 3702 Du
459 3637 633 3703 Occunrrs
655 3655 698 3700 un
723 3635 913 3702 Gnnvmus
936 3634 1166 3701 Excussmus

216 3814 378 3900 EpIscopo
400 3812 581 3877 Parisiensi.
629 3813 746 3878 Casum
770 3835 863 3877 suum
888 3812 969 3878 lator
988 3811 1180 3897 presentium
1198 3835 1260 3877 non
1285 3811 1375 3876 breui

170 3918 400 3984 lamentatione
421 3917 590 4004 depromit,
607 3916 735 4002 plorans
758 3915 851 4002 longe
874 3906 998 4002 lateque
1020 3914 1136 3981 diffuso
1152 3916 1255 3980 cinctu
1278 3925 1374 3981 terra·

171 4046 245 4088 rum
260 4023 382 4088 labores
404 4022 563 4087 subiectus
586 4021 717 4103 itineris,
733 4021 942 4106 periculisque
965 4021 1061 4085 maris
1084 4019 1257 4105 expositus,
1273 4042 1374 4106 usquc

142 4135 145 4139 ’
171 4127 204 4192 in
221 4138 340 4193 terram
355 4137 497 4192 sanctam
512 4148 567 4190 suc
584 4125 756 4210 penitentie
771 4125 862 4211 signa
876 4124 1045 4210 pretendit,
1055 4124 1219 4210 aliquanto
1234 4134 1374 4211 tempore

171 4231 390 4319 peregrinatus
412 4230 541 4295 ibidem.
588 4229 655 4307 Qui
679 4228 807 4295 tandem
830 4238 918 4315 cepte
940 4228 1206 4315 peregrinationis
1227 4251 1374 4294 eonsum-

174 4344 259 4401 mato
284 4334 447 4422 proposito
472 4333 641 4420 apostolice
667 4333 749 4398 sedis
775 4332 877 4397 adiuit
902 4333 1101 4398 clementiam
1128 4354 1257 4418 sperans
1287 4331 1373 4416 apud

172 4440 259 4504 illius
273 4439 440 4519 uicarium,
456 4439 511 4525 qui
527 4461 600 4502 cum
616 4438 714 4502 iratus
737 4437 833 4501 fuerit
848 4460 912 4502 non
928 4437 1128 4502 obliuiscitur
1144 4435 1295 4517 misereri,
1312 4434 1373 4500 sibi

173 4542 388 4609 misericordie
409 4544 536 4607 ianuam
559 4541 689 4627 aperui,
707 4551 742 4604 ut
765 4540 897 4605 uulnera
920 4541 986 4604 eius
1009 4564 1069 4627 que
1091 4540 1262 4625 penitentie
1285 4540 1373 4624 rigor

205 4718 214 4748 ¹
227 4718 294 4770 This
306 4718 329 4770 is
339 4718 468 4785 probably
480 4726 569 4769 meant
580 4718 622 4768 for
632 4715 767 4782 Treguier,
781 4716 884 4782 though
896 4715 919 4766 it
930 4733 991 4781 may
1002 4715 1119 4782 possibly
1131 4715 1163 4767 be
1174 4714 1315 4767 Tricorios.
