3098 5476
170 488 190 551 6
675 499 858 549 TABULA.

1287 655 1366 708 [raons]

199 743 310 787 cxnvr.
333 725 381 785 De
395 745 431 786 ea
445 744 504 804 que
525 724 722 786 reclusorium
738 725 867 786 intrauit
881 745 941 786 non
965 725 1072 787 emisso
1096 733 1169 788 uoto
1191 746 1264 788 con·

372 822 499 883 tinentie
514 842 567 882 neo
582 821 640 883 loci
654 820 821 883 stabilitate
835 822 981 902 promissa
1066 869 1073 882 .
1157 869 1164 883 .
1252 823 1366 903 ,[143]

185 938 310 982 cxavn.
333 919 380 980 De
394 939 428 980 eo
443 919 495 998 qui
509 918 565 979 sub
579 920 793 997 protestatione
807 919 935 979 intrauit
950 917 1126 998 religionem
1159 965 1166 980 .
1253 967 1260 980 .
1283 921 1365 997 [144]

170 1036 310 1080 cxuvrrr.
333 1017 381 1077 De
394 1037 429 1077 eo
451 1016 504 1095 qui
524 1016 618 1076 intrat
639 1015 815 1096 religionem
834 1024 864 1077 et
888 1015 970 1076 infra
989 1025 1126 1096 ternpore
1146 1016 1280 1096 puber·'

372 1115 446 1175 tatis
460 1114 615 1191 egreditur
1095 1118 1101 1129 ”
1254 1162 1261 1175 .
1284 1115 1366 1191 [144]

197 1230 310 1274 cxuix.
332 1212 381 1272 De
394 1231 429 1272 eo
440 1212 492 1290 qui
501 1210 653 1290 promittit
663 1230 695 1271 se
706 1210 837 1288 aliquem
849 1212 986 1272 ordinem
998 1212 1186 1272 intraturum
1198 1211 1258 1273 sub

371 1307 544 1370 conditione
620 1352 1259 1370 ........
1282 1308 1366 1390 [145]

261 1425 310 1468 ca.
332 1406 380 1467 De
393 1425 428 1466 eo
442 1405 495 1484 qui
509 1404 584 1466 dicit
597 1403 815 1484 simpliciterne
829 1406 1015 1466 intraturum
1030 1406 1209 1486 religionem
1224 1416 1256 1468 et

371 1523 433 1564 non
447 1503 543 1562 intrat
616 1548 1257 1564 ........
1281 1502 1364 1584 [145]

248 1621 309 1664 cnr.
332 1602 380 1662 De
392 1620 427 1661 eo
441 1601 493 1679 qui
508 1600 546 1660 de
566 1601 672 1661 artiori
692 1601 797 1661 ordine
817 1601 926 1661 transit
939 1601 979 1662 ad
1001 1600 1148 1662 laxiorem
1162 1620 1257 1664 causa

371 1697 554 1759 necessitatis
616 1743 1255 1759 ........
1280 1699 1364 1780 [146]

232 1815 309 1859 carr.
332 1795 380 1857 De
393 1815 428 1856 eo
441 1796 494 1874 qui
509 1795 619 1856 transit
633 1795 670 1856 de
685 1795 795 1856 minori
809 1795 848 1855 ad
863 1795 1045 1856 strictiorem
1063 1842 1070 1856 .
1153 1843 1159 1856 .
1245 1843 1252 1856 .
1280 1796 1364 1877 [146]

220 1913 310 1957 cnm.
332 1893 381 1954 De
394 1912 429 1953 eo
442 1892 495 1971 qui
515 1891 592 1970 petit
606 1892 664 1953 sibi
681 1892 817 1953 ordinem
833 1893 966 1972 mitigari
988 1902 1112 1972 propter
1126 1892 1254 1954 infirmi-

370 1999 463 2051 tatem
526 2035 1256 2052 .........
1280 1989 1365 2071 [147]

203 2108 308 2152 cnrrrr.
330 2089 379 2150 De
392 2108 427 2148 eo
441 2087 494 2166 qui
509 2088 585 2166 petit
598 2087 656 2149 sibi
675 2088 806 2167 rigorem
820 2088 924 2167 regule
939 2088 1073 2168 mitigari
1156 2135 1162 2148 .
1249 2137 1256 2150 .
1280 2091 1364 2167 [148]

236 2205 308 2248 cuv.
330 2185 379 2246 De
392 2205 427 2246 eo
441 2184 493 2263 qui
507 2185 539 2245 in
554 2184 615 2245 alio
629 2185 734 2246 ordine
748 2185 895 2245 toleratur
976 2231 983 2247 .
1066 2233 1072 2247 .
1156 2229 1162 2245 .
1249 2186 1365 2268 ,[149]

222 2302 308 2346 onvr.
331 2283 379 2343 De
393 2302 427 2343 eo
442 2281 495 2361 qui
516 2282 554 2342 de
576 2281 685 2342 minori
706 2282 813 2342 ordine
833 2282 944 2342 transit
964 2283 1004 2343 ad
1025 2283 1209 2344 strictiorem
1225 2293 1256 2346 et

371 2379 450 2440 redit
463 2379 502 2439 ad
517 2379 648 2458 priorem
704 2425 1256 2442 .......
1279 2381 1365 2463 [149]

209 2495 309 2540 unvn.
331 2477 380 2538 De
393 2496 427 2537 eo
441 2476 494 2555 qui
505 2477 615 2537 transit
624 2476 664 2536 ad
675 2475 759 2537 aliud
770 2475 984 2538 monasterium
996 2476 1129 2538 eiusdem
1140 2478 1257 2541 ordinis

369 2573 434 2634 sine
447 2573 571 2634 licentia
617 2620 624 2633 .
704 2562 706 2566 ’
707 2620 1258 2636 .......
1282 2574 1366 2656 [150]

192 2690 307 2733 cnvrrr.
330 2671 379 2733 De
402 2669 461 2730 hiis
481 2671 534 2750 qui
559 2670 656 2732 coacti
677 2669 847 2749 suscipiunt
871 2669 1011 2731 habitum
1033 2670 1204 2750 regularem
1225 2682 1257 2734 et

369 2767 550 2847 profitentur
564 2768 655 2828 inuiti
707 2814 1258 2830 .......
1282 2772 1367 2849 [150]

223 2883 309 2926 cmx.
331 2865 381 2926 De
401 2862 460 2925 hiis
480 2865 533 2943 qui
554 2864 691 2926 ordinem
713 2864 865 2944 recipiunt
880 2885 941 2925 non
961 2874 995 2924 ut
1009 2876 1188 2937 remaneant
1201 2868 1256 2928 sed

369 2969 404 3021 ut
417 2962 586 3022 liberentur
599 2981 618 3022 a
633 2981 752 3023 carcere
799 3009 1257 3025 ......
1282 2963 1368 3046 [151]

236 3078 309 3121 oux.
331 3060 380 3120 De
400 3079 435 3120 eo
456 3058 509 3138 qui
532 3059 630 3119 minor
651 3059 738 3120 annis
759 3059 892 3120 existens
914 3060 1000 3120 uouit
1021 3059 1196 3138 religionem
1211 3062 1257 3122 in-

189 3159 191 3164 ’
368 3169 451 3217 trare
464 3164 495 3216 et
508 3157 654 3217 sustinere
669 3175 729 3216 non
743 3165 842 3234 potest
885 3203 1257 3220 .....
1282 3159 1369 3242 [152]

222 3272 310 3316 cnxr.
333 3252 381 3314 De
389 3273 423 3314 eo
432 3253 619 3333 quiindutus
627 3252 768 3314 habitum
777 3253 1026 3333 regularemdum
1034 3263 1109 3315 esset
1117 3254 1257 3319 infirmus

368 3359 398 3412 et
413 3351 572 3412 restitutus
585 3350 677 3411 saluti
692 3349 818 3410 dimittit
831 3351 920 3411 illum
976 3397 983 3410 .
1065 3398 1072 3412 .
1156 3399 1163 3412 .
1247 3354 1369 3439 .[152]

205 3467 308 3510 carm.
330 3447 379 3508 De
399 3447 458 3508 hiis
483 3448 536 3526 qui
561 3447 678 3509 abiecto
700 3446 809 3508 habitu
831 3448 963 3527 regulari
984 3460 1203 3528 promouentur
1224 3461 1256 3512 et

369 3544 525 3606 celebrant
539 3546 571 3605 in
586 3545 686 3607 seculo
707 3592 1257 3611 .......
1281 3550 1371 3629 [154]

192 3661 306 3704 cnxrrr.
329 3643 377 3704 De
392 3642 499 3704 clerico
514 3651 652 3721 apostata
665 3650 695 3703 et
705 3652 883 3704 transeunte
898 3643 938 3703 ad
952 3651 1036 3705 aetus
1050 3643 1142 3704 seculi
1156 3691 1163 3706 .
1248 3693 1254 3707 .
1279 3648 1370 3728 [155]

179 3757 308 3800 auxum.
331 3739 379 3800 De
407 3760 441 3799 eo
470 3739 522 3818 qui
551 3739 627 3817 petit
655 3741 748 3819 recipi
776 3741 808 3799 iu
836 3741 1019 3802 monasterio
1046 3741 1083 3800 de
1111 3761 1170 3820 quo
1195 3741 1256 3804 fuit

370 3837 482 3897 eiectus
526 3882 1255 3900 .........
1280 3841 1371 3922 [157]

211 3951 308 3994 ccxv.
331 3933 379 3994 De
394 3933 534 4011 religioso
548 3932 600 4011 qui
616 3934 702 3994 uouit
715 3954 746 3994 se
760 3933 856 3993 alium
871 3935 1007 3996 ordinem
1021 3936 1209 3996 intraturum
1224 3947 1256 3998 et

368 4051 429 4091 non
445 4029 573 4090 intrauit
614 4077 1162 4094 .......
1246 4051 1254 4066 ·
1278 4036 1370 4118 [158]

196 4145 308 4189 cnxvr.
330 4128 378 4188 De
390 4148 424 4187 eo
435 4128 488 4206 qui
498 4126 643 4187 diustetit
651 4126 683 4187 in
692 4129 874 4190 monasterio
884 4139 914 4190 et
925 4149 1066 4208 expressa
1073 4130 1255 4209 professione

368 4244 429 4285 non
443 4225 526 4285 facta
540 4223 599 4285 fuit
613 4235 785 4304 assumptus
800 4226 832 4285 in
847 4225 988 4288 abbatem
1065 4274 1072 4288 .
1155 4275 1162 4289 .
1246 4232 1370 4311 .[l58]

183 4340 308 4384 ouxvrr.
331 4321 379 4382 De
393 4342 428 4382 eo
442 4321 496 4401 qui
511 4321 686 4402 religionem
697 4323 794 4383 intrat
804 4332 929 4402 propter
944 4324 1056 4385 multos
1069 4344 1209 4388 excessus
1222 4337 1254 4390 et

369 4419 487 4497 indiget
501 4418 726 4498 dispensatione
795 4467 1252 4486 ......
1277 4423 1369 4506 [159]

167 4535 306 4578 cnxvrrr.
329 4515 377 4578 De
398 4536 543 4576 conuerso
564 4517 617 4595 qui
638 4519 751 4596 recepit
765 4518 895 4596 primam
909 4517 1155 4582 benedictionem
1176 4540 1254 4582 oom-

366 4613 511 4676 munione
614 4660 1252 4680 ........
1277 4620 1369 4700 [159]
