3098 5476
297 113 393 162 LIII.
419 114 470 161 nn
499 113 777 162 PROMOTIONE
806 114 903 161 sm
931 114 1290 165 DISPENSATIONE.
1357 100 1398 167 71

167 281 322 358 tempus
346 272 438 337 iuxta
454 271 540 358 quod
563 271 712 358 expedire
735 272 885 338 uideretis
907 295 926 337 a
948 295 1107 339 sacrorum
1124 271 1274 339 ordinum
1289 297 1401 339 execu-

169 378 280 443 tione
306 399 470 463 suspenso,
493 376 696 462 postmodum
725 377 751 441 si
778 376 851 442 talis
877 377 1017 442 extiterit
1043 377 1129 463 quod
1156 376 1402 464 dispensationis

172 481 331 567 gratiam
364 489 519 545 mereatur
548 503 621 545 cum
651 481 721 567 ipso
751 503 846 566 super
876 480 1025 566 predictis
1063 481 1306 547 misericorditer
1335 482 1401 548 dis·

180 586 345 671 pensetis.

659 647 707 753 nn
730 707 864 755 nonan.
889 689 946 776 (4).

239 864 364 929 Abbati
379 873 411 929 et
425 865 597 930 conuentui
612 864 651 929 de
666 901 805 931 —.
852 863 901 928 M.
919 865 1002 930 lator
1017 866 1213 951 presentium
1229 867 1403 932 monachus

193 979 301 1034 uester
313 968 405 1034 nobis
421 967 586 1033 humiliter
597 977 644 1033 est
654 968 815 1033 confessus
827 967 914 1053 quod
929 969 996 1054 ipse
1009 959 1084 1034 olim
1098 970 1266 1035 canonicus
1281 971 1401 1035 secula·

195 1075 240 1138 ris
254 1073 396 1137 existens
410 1072 579 1137 monialem
593 1072 754 1158 quandam
766 1095 863 1159 quam
875 1073 1048 1138 incestuose
1059 1084 1249 1159 cognouerat
1260 1073 1403 1160 grauiter

196 1177 387 1259 uerberauit,
403 1186 434 1242 et
448 1175 651 1262 postmodum
674 1177 709 1240 in
733 1177 920 1241 monasterio
944 1186 1049 1242 nestro
1072 1177 1218 1242 habitum
1234 1179 1401 1243 monacha·

196 1282 257 1346 lem
275 1281 429 1367 recipiens
445 1281 524 1346 iuris
547 1281 677 1366 ignarus
700 1279 740 1344 ad
763 1279 1016 1364 subdiaconatus,
1033 1280 1217 1346 diaconatus
1232 1291 1263 1347 et
1278 1283 1402 1368 presbi-

196 1395 317 1452 teratus
343 1385 470 1450 ordines
496 1395 542 1450 est
565 1396 730 1471 promotus
754 1396 785 1449 et
809 1386 843 1448 in
870 1384 984 1449 eisdem
1013 1385 1207 1450 ministrauit
1231 1387 1403 1452 ordinibus

196 1489 406 1556 absolutionis
431 1489 579 1555 beneficio
604 1511 667 1553 non
692 1489 831 1554 obtento.
885 1489 994 1567 Quare
1019 1489 1183 1554 humiliter
1207 1491 1402 1577 supplicauit

197 1592 328 1660 domino
348 1616 429 1679 pape
451 1603 488 1658 ut
507 1616 603 1679 super
619 1593 802 1658 executione
824 1616 954 1658 suorum
976 1593 1125 1658 ordinum
1149 1595 1256 1659 taliter
1275 1618 1402 1682 suscep-

198 1709 306 1764 torum
335 1696 518 1784 dispensare
547 1719 652 1762 secum
680 1697 923 1762 misericorditer
952 1697 1147 1783 dignaretur.
1203 1699 1273 1764 Nos
1302 1699 1404 1785 igitur

197 1802 382 1867 auctoritate
413 1800 537 1867 domini
567 1823 648 1888 pape
680 1801 857 1887 predictum
888 1801 937 1868 M.
968 1802 1009 1867 ab
1038 1802 1222 1868 executione
1251 1802 1400 1869 ordinum

198 1906 305 1971 taliter
329 1915 547 1992 susceptorum
574 1927 630 1991 per
656 1906 830 1969 triennium
856 1905 1083 1992 suspendentes
1112 1907 1247 1972 eundem
1274 1906 1316 1972 ad
1344 1930 1403 1973 uos

199 2010 239 2075 ab
268 2009 594 2076 excommunicatione
623 2009 714 2073 iuxta
744 2009 881 2074 formam
911 2009 1037 2075 ecclesie
1067 2011 1259 2077 remittimus
1296 2012 1400 2077 absol-

201 2124 300 2182 utum.
364 2113 452 2193 Quia
481 2136 556 2179 uero
590 2113 804 2179 misericordia
837 2115 1050 2200 superexaltat
1080 2114 1234 2179 iudicium
1270 2126 1300 2181 et
1330 2115 1403 2181 reli-

199 2219 286 2305 gioni
312 2217 404 2284 fauor
432 2228 481 2283 est
500 2218 684 2304 ‘proximus
707 2219 882 2304 aperientes
911 2219 939 2284 ei
971 2218 1100 2284 ianuam
1127 2220 1252 2306 pietatis
1280 2221 1402 2285 miseri-

199 2322 336 2388 corditer
361 2322 573 2408 ·indulgemus
610 2330 646 2386 ut
676 2344 733 2387 uos
770 2322 896 2407 expleto
926 2322 1064 2389 triennio
1093 2324 1120 2387 si
1155 2347 1227 2388 eum
1259 2322 1404 2390 uideritis

202 2427 329 2493 honeste
354 2425 601 2492 conuersationis
631 2438 661 2490 et
688 2426 753 2493 uite
780 2438 810 2490 et
836 2426 924 2493 aliud
954 2426 1140 2492 canonicum
1167 2429 1232 2493 non
1260 2429 1402 2511 obsistat,

201 2554 272 2596 cum
294 2532 365 2618 ipso
386 2531 419 2594 in
443 2531 625 2596 executione
648 2552 778 2595 suornm
801 2529 951 2595 ordinum
973 2530 1171 2617 dispensetis

753 2844 854 2911 LllI.

203 3024 259 3088 Da
297 3041 343 3088 no
380 3041 444 3099 our
480 3023 689 3086 Aesonurus
725 3040 774 3084 ΑΒ
819 3021 1200 3086 Excoununrcarronn
1246 3040 1291 3086 nr
1328 3041 1403 3087 non

260 3127 459 3193 Orrnnrrs
492 3124 783 3190 Drsransxrronn
816 3126 1064 3191 Pnouovnrua
1096 3144 1143 3189 an
1164 3125 1347 3192 'Onnrnns

247 3303 407 3389 Episcopo
436 3339 576 3367 ——-.
637 3301 800 3366 Diaconus
830 3301 911 3366 lator
942 3302 1134 3386 presentium
1166 3300 1283 3365 humili
1312 3302 1406 3367 nobis

201 3408 396 3474 confessione
416 3406 607 3472 monstrauit
624 3405 710 3492 quod
734 3407 800 3492 ipse
823 3428 881 3491 pro
900 3404 1040 3470 uiolenta
1061 3405 1227 3470 iniectione
1249 3428 1402 3470 manuum

201 3512 236 3576 in
266 3511 424 3599 quendam
455 3510 605 3575 clericum
636 3509 764 3575 uinculo
794 3509 1114 3574 excommuncationis
1134 3510 1301 3594 astrictus,
1326 3510 1404 3576 iuris

202 3615 383 3704 ignorantia
407 3623 439 3680 et
463 3612 677 3700 simplicitatis
703 3637 807 3678 errore
837 3613 985 3679 laborans
1016 3613 1049 3677 in
1077 3613 1225 3678 acolitum
1254 3623 1300 3678 est
1330 3637 1405 3700 pro·

203 3731 328 3802 motus;
357 3719 414 3807 qui
440 3718 641 3805 postmodum
667 3718 1000 3784 excommunicationis
1028 3716 1156 3782 uinculo
1183 3717 1324 3783 relaxato
1349 3718 1404 3783 sed

202 3847 298 3912 super
312 3822 423 3890 ordine
445 3823 489 3888 sic
511 3834 655 3909 suscepto
677 3821 921 3908 dispensationis
944 3823 1047 3907 gratia
1070 3845 1134 3887 non
1151 3822 1290 3904 obtenta,
1307 3845 1404 3907 quam

203 3953 259 4016 per
285 3929 478 4015 imperitiam
507 3950 572 3992 esse
602 3927 805 3992 necessariam
834 3949 897 3990 non
928 3925 1075 3991 credebat
1101 3925 1140 3990 ad
1173 3924 1299 3990 ordines
1329 3927 1404 3991 sub-

203 4033 389 4099 diaconatus
425 4043 457 4096 et
489 4031 675 4096 diaconatus
712 4031 849 4114 accessit,
883 4031 1068 4095 ministrans
1105 4028 1332 4095 nichilominus
1370 4031 1404 4095 in

204 4137 331 4204 eisdem.
400 4135 502 4222 Super
532 4135 649 4221 quibus
683 4135 852 4221 apostolice
883 4135 965 4199 sedis
996 4133 1193 4198 clementiam
1224 4132 1333 4199 adiens
1363 4134 1403 4199 ad

205 4243 333 4308 ianuam
359 4239 569 4306 misericordie
595 4241 662 4303 eius
689 4240 838 4303 instantia
866 4239 1000 4324 supplici
1029 4246 1060 4302 ct
1084 4237 1216 4301 instanti
1247 4238 1404 4324 snpplica-
