<?xml version="1.0" encoding="UTF-8"?>
<!DOCTYPE html PUBLIC "-//W3C//DTD XHTML 1.0 Transitional//EN"
    "http://www.w3.org/TR/xhtml1/DTD/xhtml1-transitional.dtd">
<html xmlns="http://www.w3.org/1999/xhtml" xml:lang="en" lang="en">
 <head>
  <title>
</title>
<meta http-equiv="Content-Type" content="text/html;charset=utf-8" />
  <meta name='ocr-system' content='tesseract 3.04.00' />
  <meta name='ocr-capabilities' content='ocr_page ocr_carea ocr_par ocr_line ocrx_word'/>
</head>
<body>
  <div class='ocr_page' id='page_1' title='image "aformularypapal00leagoog_0111.png"; bbox 0 0 3098 5476; ppageno 0'>
   <div class='ocr_carea' id='block_1_1' title="bbox 174 479 1153 548">
    <p class='ocr_par' dir='ltr' id='par_1_1' title="bbox 174 479 1153 548">
     <span class='ocr_line' id='line_1_1' title="bbox 174 479 1153 548; baseline 0 -2"><span class='ocrx_word' id='word_1_1' title='bbox 174 479 218 546; x_wconf 74' lang='lat'>62</span> <span class='ocrx_word' id='word_1_2' title='bbox 394 496 492 546; x_wconf 77' lang='lat' dir='ltr'>xor.</span> <span class='ocrx_word' id='word_1_3' title='bbox 516 498 566 544; x_wconf 84' lang='lat' dir='ltr'>on</span> <span class='ocrx_word' id='word_1_4' title='bbox 596 497 855 545; x_wconf 76' lang='lat' dir='ltr'>nnurrnsrrs</span> <span class='ocrx_word' id='word_1_5' title='bbox 883 497 1153 548; x_wconf 75' lang='lat' dir='ltr'>uxcnssnros.</span> 
     </span>
    </p>
   </div>
   <div class='ocr_carea' id='block_1_2' title="bbox 171 654 1376 2199">
    <p class='ocr_par' dir='ltr' id='par_1_2' title="bbox 171 654 1376 2199">
     <span class='ocr_line' id='line_1_2' title="bbox 171 654 1367 743; baseline 0.003 -22"><span class='ocrx_word' id='word_1_6' title='bbox 171 655 407 742; x_wconf 87' lang='lat' dir='ltr'>exasperauerit</span> <span class='ocrx_word' id='word_1_7' title='bbox 426 654 670 742; x_wconf 81' lang='lat' dir='ltr'>dispensationis</span> <span class='ocrx_word' id='word_1_8' title='bbox 696 654 801 722; x_wconf 94' lang='lat' dir='ltr'>oleum</span> <span class='ocrx_word' id='word_1_9' title='bbox 826 654 983 722; x_wconf 80' lang='lat' dir='ltr'>deliniret.</span> <span class='ocrx_word' id='word_1_10' title='bbox 1029 656 1192 723; x_wconf 80' lang='lat' dir='ltr'>Clamauit</span> <span class='ocrx_word' id='word_1_11' title='bbox 1219 658 1367 743; x_wconf 89' lang='lat' dir='ltr'>siquidem</span> 
     </span>
     <span class='ocr_line' id='line_1_3' title="bbox 171 757 1368 847; baseline 0.003 -24"><span class='ocrx_word' id='word_1_12' title='bbox 171 758 241 842; x_wconf 93' lang='lat' dir='ltr'>diu,</span> <span class='ocrx_word' id='word_1_13' title='bbox 256 757 398 845; x_wconf 89' lang='lat' dir='ltr'>pulsauit</span> <span class='ocrx_word' id='word_1_14' title='bbox 412 759 699 845; x_wconf 83' lang='lat' dir='ltr'>supplicationibus</span> <span class='ocrx_word' id='word_1_15' title='bbox 721 768 752 824; x_wconf 91' lang='lat' dir='ltr'>et</span> <span class='ocrx_word' id='word_1_16' title='bbox 767 759 906 824; x_wconf 80' lang='lat' dir='ltr'>lacrimis</span> <span class='ocrx_word' id='word_1_17' title='bbox 929 759 1123 846; x_wconf 91' lang='lat' dir='ltr'>supplicauit</span> <span class='ocrx_word' id='word_1_18' title='bbox 1139 761 1193 826; x_wconf 92' lang='lat' dir='ltr'>sed</span> <span class='ocrx_word' id='word_1_19' title='bbox 1218 761 1368 847; x_wconf 84' lang='lat' dir='ltr'>frequenti</span> 
     </span>
     <span class='ocr_line' id='line_1_4' title="bbox 171 862 1370 952; baseline 0.003 -24"><span class='ocrx_word' id='word_1_20' title='bbox 171 862 241 928; x_wconf 89' lang='lat' dir='ltr'>eius</span> <span class='ocrx_word' id='word_1_21' title='bbox 267 862 417 928; x_wconf 89' lang='lat' dir='ltr'>instantie</span> <span class='ocrx_word' id='word_1_22' title='bbox 447 863 642 949; x_wconf 87' lang='lat' dir='ltr'>frequentem</span> <span class='ocrx_word' id='word_1_23' title='bbox 663 864 812 949; x_wconf 89' lang='lat' dir='ltr'>opposuit</span> <span class='ocrx_word' id='word_1_24' title='bbox 836 862 972 950; x_wconf 85' lang='lat' dir='ltr'>qualitas</span> <span class='ocrx_word' id='word_1_25' title='bbox 996 864 1114 930; x_wconf 85' lang='lat' dir='ltr'>offense</span> <span class='ocrx_word' id='word_1_26' title='bbox 1141 865 1312 952; x_wconf 87' lang='lat' dir='ltr'>repulsam,</span> <span class='ocrx_word' id='word_1_27' title='bbox 1336 890 1370 931; x_wconf 90' lang='lat' dir='ltr'>ue</span> 
     </span>
     <span class='ocr_line' id='line_1_5' title="bbox 175 966 1369 1054; baseline 0.003 -24"><span class='ocrx_word' id='word_1_28' title='bbox 175 966 309 1032; x_wconf 84' lang='lat' dir='ltr'>facilitas</span> <span class='ocrx_word' id='word_1_29' title='bbox 332 967 423 1032; x_wconf 91' lang='lat' dir='ltr'>uenie</span> <span class='ocrx_word' id='word_1_30' title='bbox 444 966 639 1031; x_wconf 88' lang='lat' dir='ltr'>incentiuum</span> <span class='ocrx_word' id='word_1_31' title='bbox 665 967 745 1033; x_wconf 87' lang='lat' dir='ltr'>forte</span> <span class='ocrx_word' id='word_1_32' title='bbox 759 968 912 1032; x_wconf 84' lang='lat' dir='ltr'>tribueret</span> <span class='ocrx_word' id='word_1_33' title='bbox 927 966 1136 1054; x_wconf 88' lang='lat' dir='ltr'>delinquenti.</span> <span class='ocrx_word' id='word_1_34' title='bbox 1184 967 1270 1034; x_wconf 78' lang='lat' dir='ltr'>Sane</span> <span class='ocrx_word' id='word_1_35' title='bbox 1293 969 1369 1035; x_wconf 91' lang='lat' dir='ltr'>uinci</span> 
     </span>
     <span class='ocr_line' id='line_1_6' title="bbox 176 1070 1371 1158; baseline 0.003 -23"><span class='ocrx_word' id='word_1_36' title='bbox 176 1070 279 1136; x_wconf 90' lang='lat' dir='ltr'>uoluit</span> <span class='ocrx_word' id='word_1_37' title='bbox 300 1070 448 1136; x_wconf 91' lang='lat' dir='ltr'>dominus</span> <span class='ocrx_word' id='word_1_38' title='bbox 470 1070 699 1158; x_wconf 89' lang='lat' dir='ltr'>supplicatione</span> <span class='ocrx_word' id='word_1_39' title='bbox 720 1071 835 1136; x_wconf 93' lang='lat' dir='ltr'>humili</span> <span class='ocrx_word' id='word_1_40' title='bbox 858 1094 1004 1153; x_wconf 87' lang='lat' dir='ltr'>cananee,</span> <span class='ocrx_word' id='word_1_41' title='bbox 1021 1073 1107 1137; x_wconf 91' lang='lat' dir='ltr'>uinci</span> <span class='ocrx_word' id='word_1_42' title='bbox 1131 1073 1236 1138; x_wconf 93' lang='lat' dir='ltr'>uoluit</span> <span class='ocrx_word' id='word_1_43' title='bbox 1259 1075 1371 1139; x_wconf 91' lang='lat' dir='ltr'>eteius</span> 
     </span>
     <span class='ocr_line' id='line_1_7' title="bbox 176 1175 1371 1263; baseline 0.003 -24"><span class='ocrx_word' id='word_1_44' title='bbox 176 1175 312 1241; x_wconf 88' lang='lat' dir='ltr'>uicarius</span> <span class='ocrx_word' id='word_1_45' title='bbox 338 1175 474 1261; x_wconf 92' lang='lat' dir='ltr'>supplici</span> <span class='ocrx_word' id='word_1_46' title='bbox 501 1175 681 1241; x_wconf 92' lang='lat' dir='ltr'>humilitate</span> <span class='ocrx_word' id='word_1_47' title='bbox 707 1177 874 1262; x_wconf 85' lang='lat' dir='ltr'>peccantis,</span> <span class='ocrx_word' id='word_1_48' title='bbox 898 1177 1085 1263; x_wconf 84' lang='lat' dir='ltr'>petitionem</span> <span class='ocrx_word' id='word_1_49' title='bbox 1109 1177 1177 1242; x_wconf 90' lang='lat' dir='ltr'>eius</span> <span class='ocrx_word' id='word_1_50' title='bbox 1201 1178 1371 1244; x_wconf 90' lang='lat' dir='ltr'>multorum</span> 
     </span>
     <span class='ocr_line' id='line_1_8' title="bbox 175 1278 1374 1369; baseline 0.004 -26"><span class='ocrx_word' id='word_1_51' title='bbox 175 1280 404 1345; x_wconf 90' lang='lat' dir='ltr'>interuentione</span> <span class='ocrx_word' id='word_1_52' title='bbox 430 1278 605 1364; x_wconf 86' lang='lat' dir='ltr'>suffultam,</span> <span class='ocrx_word' id='word_1_53' title='bbox 630 1279 671 1344; x_wconf 92' lang='lat' dir='ltr'>ad</span> <span class='ocrx_word' id='word_1_54' title='bbox 694 1281 831 1366; x_wconf 84' lang='lat' dir='ltr'>gratiam</span> <span class='ocrx_word' id='word_1_55' title='bbox 855 1279 1069 1346; x_wconf 85' lang='lat' dir='ltr'>exauditionis</span> <span class='ocrx_word' id='word_1_56' title='bbox 1098 1279 1285 1363; x_wconf 90' lang='lat' dir='ltr'>admittens,</span> <span class='ocrx_word' id='word_1_57' title='bbox 1307 1305 1374 1369; x_wconf 93' lang='lat' dir='ltr'>pre·</span> 
     </span>
     <span class='ocr_line' id='line_1_9' title="bbox 173 1382 1374 1471; baseline 0.002 -22"><span class='ocrx_word' id='word_1_58' title='bbox 173 1384 282 1449; x_wconf 91' lang='lat' dir='ltr'>sertim</span> <span class='ocrx_word' id='word_1_59' title='bbox 296 1407 369 1448; x_wconf 92' lang='lat' dir='ltr'>cum</span> <span class='ocrx_word' id='word_1_60' title='bbox 384 1382 511 1470; x_wconf 89' lang='lat' dir='ltr'>culpam</span> <span class='ocrx_word' id='word_1_61' title='bbox 525 1384 593 1450; x_wconf 93' lang='lat' dir='ltr'>eius</span> <span class='ocrx_word' id='word_1_62' title='bbox 616 1384 784 1449; x_wconf 86' lang='lat' dir='ltr'>manifesta</span> <span class='ocrx_word' id='word_1_63' title='bbox 806 1384 920 1450; x_wconf 87' lang='lat' dir='ltr'>notitia</span> <span class='ocrx_word' id='word_1_64' title='bbox 942 1407 1008 1450; x_wconf 90' lang='lat' dir='ltr'>nou</span> <span class='ocrx_word' id='word_1_65' title='bbox 1023 1383 1179 1471; x_wconf 88' lang='lat' dir='ltr'>producat</span> <span class='ocrx_word' id='word_1_66' title='bbox 1194 1385 1229 1449; x_wconf 92' lang='lat' dir='ltr'>in</span> <span class='ocrx_word' id='word_1_67' title='bbox 1246 1385 1374 1452; x_wconf 88' lang='lat' dir='ltr'>scanda-</span> 
     </span>
     <span class='ocr_line' id='line_1_10' title="bbox 174 1486 1374 1575; baseline 0.003 -23"><span class='ocrx_word' id='word_1_68' title='bbox 174 1489 253 1569; x_wconf 92' lang='lat' dir='ltr'>lum,</span> <span class='ocrx_word' id='word_1_69' title='bbox 268 1511 324 1553; x_wconf 89' lang='lat' dir='ltr'>nec</span> <span class='ocrx_word' id='word_1_70' title='bbox 344 1487 486 1553; x_wconf 90' lang='lat' dir='ltr'>attulerit</span> <span class='ocrx_word' id='word_1_71' title='bbox 500 1486 709 1573; x_wconf 91' lang='lat' dir='ltr'>preiudicium</span> <span class='ocrx_word' id='word_1_72' title='bbox 727 1488 783 1552; x_wconf 89' lang='lat' dir='ltr'>alii</span> <span class='ocrx_word' id='word_1_73' title='bbox 807 1497 979 1575; x_wconf 92' lang='lat' dir='ltr'>utcumque</span> <span class='ocrx_word' id='word_1_74' title='bbox 1001 1488 1175 1575; x_wconf 83' lang='lat' dir='ltr'>suscipiens</span> <span class='ocrx_word' id='word_1_75' title='bbox 1190 1488 1231 1555; x_wconf 95' lang='lat' dir='ltr'>de</span> <span class='ocrx_word' id='word_1_76' title='bbox 1247 1491 1374 1556; x_wconf 88' lang='lat' dir='ltr'>minoris</span> 
     </span>
     <span class='ocr_line' id='line_1_11' title="bbox 173 1590 1375 1681; baseline 0 -23"><span class='ocrx_word' id='word_1_77' title='bbox 173 1592 266 1658; x_wconf 88' lang='lat' dir='ltr'>etatis</span> <span class='ocrx_word' id='word_1_78' title='bbox 287 1590 507 1657; x_wconf 88' lang='lat' dir='ltr'>indiscretione</span> <span class='ocrx_word' id='word_1_79' title='bbox 529 1592 683 1657; x_wconf 90' lang='lat' dir='ltr'>leuamen.</span> <span class='ocrx_word' id='word_1_80' title='bbox 730 1592 818 1671; x_wconf 78' lang='lat' dir='ltr'>Quia</span> <span class='ocrx_word' id='word_1_81' title='bbox 840 1615 917 1658; x_wconf 91' lang='lat' dir='ltr'>uero</span> <span class='ocrx_word' id='word_1_82' title='bbox 932 1593 966 1656; x_wconf 93' lang='lat' dir='ltr'>in</span> <span class='ocrx_word' id='word_1_83' title='bbox 981 1591 1077 1657; x_wconf 88' lang='lat' dir='ltr'>archa</span> <span class='ocrx_word' id='word_1_84' title='bbox 1099 1591 1216 1659; x_wconf 90' lang='lat' dir='ltr'>federis</span> <span class='ocrx_word' id='word_1_85' title='bbox 1240 1603 1272 1660; x_wconf 90' lang='lat' dir='ltr'>et</span> <span class='ocrx_word' id='word_1_86' title='bbox 1287 1595 1375 1681; x_wconf 87' lang='lat' dir='ltr'>uirga</span> 
     </span>
     <span class='ocr_line' id='line_1_12' title="bbox 174 1695 1374 1785; baseline 0 -23"><span class='ocrx_word' id='word_1_87' title='bbox 174 1696 394 1763; x_wconf 86' lang='lat' dir='ltr'>continebatur</span> <span class='ocrx_word' id='word_1_88' title='bbox 408 1706 439 1760; x_wconf 90' lang='lat' dir='ltr'>et</span> <span class='ocrx_word' id='word_1_89' title='bbox 454 1718 581 1779; x_wconf 81' lang='lat' dir='ltr'>manna,</span> <span class='ocrx_word' id='word_1_90' title='bbox 597 1704 634 1760; x_wconf 95' lang='lat' dir='ltr'>ut</span> <span class='ocrx_word' id='word_1_91' title='bbox 648 1695 752 1761; x_wconf 90' lang='lat' dir='ltr'>dictus</span> <span class='ocrx_word' id='word_1_92' title='bbox 774 1734 906 1745; x_wconf 94' lang='lat'><strong>—</strong></span> <span class='ocrx_word' id='word_1_93' title='bbox 927 1706 999 1783; x_wconf 89' lang='lat' dir='ltr'>post</span> <span class='ocrx_word' id='word_1_94' title='bbox 1020 1696 1231 1784; x_wconf 87' lang='lat' dir='ltr'>correptionis</span> <span class='ocrx_word' id='word_1_95' title='bbox 1254 1699 1374 1785; x_wconf 87' lang='lat' dir='ltr'>uirgam</span> 
     </span>
     <span class='ocr_line' id='line_1_13' title="bbox 173 1798 1376 1888; baseline 0 -22"><span class='ocrx_word' id='word_1_96' title='bbox 173 1800 398 1867; x_wconf 86' lang='lat' dir='ltr'>consolationis</span> <span class='ocrx_word' id='word_1_97' title='bbox 421 1822 537 1864; x_wconf 92' lang='lat' dir='ltr'>manna</span> <span class='ocrx_word' id='word_1_98' title='bbox 552 1798 706 1886; x_wconf 87' lang='lat' dir='ltr'>degustet,</span> <span class='ocrx_word' id='word_1_99' title='bbox 722 1799 923 1887; x_wconf 89' lang='lat' dir='ltr'>prouidentie</span> <span class='ocrx_word' id='word_1_100' title='bbox 939 1810 1041 1866; x_wconf 82' lang='lat' dir='ltr'>uestra</span> <span class='ocrx_word' id='word_1_101' title='bbox 1056 1800 1096 1866; x_wconf 93' lang='lat' dir='ltr'>de</span> <span class='ocrx_word' id='word_1_102' title='bbox 1110 1801 1241 1888; x_wconf 87' lang='lat' dir='ltr'>speciali</span> <span class='ocrx_word' id='word_1_103' title='bbox 1256 1801 1376 1868; x_wconf 92' lang='lat' dir='ltr'>domini</span> 
     </span>
     <span class='ocr_line' id='line_1_14' title="bbox 175 1904 1375 1993; baseline 0 -23"><span class='ocrx_word' id='word_1_104' title='bbox 175 1928 256 1992; x_wconf 89' lang='lat' dir='ltr'>pape</span> <span class='ocrx_word' id='word_1_105' title='bbox 277 1904 425 1970; x_wconf 85' lang='lat' dir='ltr'>mandato</span> <span class='ocrx_word' id='word_1_106' title='bbox 447 1904 666 1988; x_wconf 85' lang='lat' dir='ltr'>committitur,</span> <span class='ocrx_word' id='word_1_107' title='bbox 682 1913 837 1991; x_wconf 90' lang='lat' dir='ltr'>quatenus</span> <span class='ocrx_word' id='word_1_108' title='bbox 859 1904 1054 1970; x_wconf 89' lang='lat' dir='ltr'>considerato</span> <span class='ocrx_word' id='word_1_109' title='bbox 1077 1904 1156 1991; x_wconf 94' lang='lat' dir='ltr'>quid</span> <span class='ocrx_word' id='word_1_110' title='bbox 1179 1904 1284 1990; x_wconf 87' lang='lat' dir='ltr'>liceat,</span> <span class='ocrx_word' id='word_1_111' title='bbox 1300 1907 1375 1993; x_wconf 94' lang='lat' dir='ltr'>quid</span> 
     </span>
     <span class='ocr_line' id='line_1_15' title="bbox 174 2007 1376 2097; baseline 0 -23"><span class='ocrx_word' id='word_1_112' title='bbox 174 2009 290 2093; x_wconf 87' lang='lat' dir='ltr'>deceat,</span> <span class='ocrx_word' id='word_1_113' title='bbox 316 2018 347 2073; x_wconf 92' lang='lat' dir='ltr'>et</span> <span class='ocrx_word' id='word_1_114' title='bbox 376 2007 453 2095; x_wconf 89' lang='lat' dir='ltr'>quid</span> <span class='ocrx_word' id='word_1_115' title='bbox 491 2007 647 2095; x_wconf 87' lang='lat' dir='ltr'>expediat,</span> <span class='ocrx_word' id='word_1_116' title='bbox 678 2031 749 2072; x_wconf 88' lang='lat' dir='ltr'>oum</span> <span class='ocrx_word' id='word_1_117' title='bbox 781 2008 849 2094; x_wconf 92' lang='lat' dir='ltr'>ipso</span> <span class='ocrx_word' id='word_1_118' title='bbox 879 2018 975 2094; x_wconf 92' lang='lat' dir='ltr'>prout</span> <span class='ocrx_word' id='word_1_119' title='bbox 1004 2009 1072 2074; x_wconf 91' lang='lat' dir='ltr'>eius</span> <span class='ocrx_word' id='word_1_120' title='bbox 1101 2009 1199 2075; x_wconf 89' lang='lat' dir='ltr'>saluti</span> <span class='ocrx_word' id='word_1_121' title='bbox 1230 2011 1376 2097; x_wconf 86' lang='lat' dir='ltr'>expedire</span> 
     </span>
     <span class='ocr_line' id='line_1_16' title="bbox 177 2112 541 2199; baseline 0.005 -21"><span class='ocrx_word' id='word_1_122' title='bbox 177 2113 321 2179; x_wconf 91' lang='lat' dir='ltr'>uideritis</span> <span class='ocrx_word' id='word_1_123' title='bbox 343 2112 541 2199; x_wconf 89' lang='lat' dir='ltr'>dispensetis.</span> 
     </span>
    </p>
   </div>
   <div class='ocr_carea' id='block_1_3' title="bbox 647 2292 897 2302">
    <p class='ocr_par' dir='ltr' id='par_1_3' title="bbox 647 2292 897 2302">
     <span class='ocr_line' id='line_1_17' title="bbox 647 2292 897 2302; baseline 0 -1"><span class='ocrx_word' id='word_1_124' title='bbox 647 2292 897 2302; x_wconf 72' lang='lat'>———</span> 
     </span>
    </p>
   </div>
   <div class='ocr_carea' id='block_1_4' title="bbox 718 2461 833 2530">
    <p class='ocr_par' dir='ltr' id='par_1_4' title="bbox 718 2461 833 2530">
     <span class='ocr_line' id='line_1_18' title="bbox 718 2461 833 2530; baseline 0.009 -4"><span class='ocrx_word' id='word_1_125' title='bbox 718 2461 833 2530; x_wconf 91' lang='lat' dir='ltr'>XLV.</span> 
     </span>
    </p>
   </div>
   <div class='ocr_carea' id='block_1_5' title="bbox 498 2669 1052 2735">
    <p class='ocr_par' dir='ltr' id='par_1_5' title="bbox 498 2669 1052 2735">
     <span class='ocr_line' id='line_1_19' title="bbox 498 2669 1052 2735; baseline 0 0"><span class='ocrx_word' id='word_1_126' title='bbox 498 2670 556 2735; x_wconf 81' lang='lat' dir='ltr'>Du</span> <span class='ocrx_word' id='word_1_127' title='bbox 579 2669 801 2735; x_wconf 78' lang='lat' dir='ltr'>Mnurrnsrrs</span> <span class='ocrx_word' id='word_1_128' title='bbox 824 2670 1052 2735; x_wconf 79' lang='lat' dir='ltr'>Exosssrans</span> 
     </span>
    </p>
   </div>
   <div class='ocr_carea' id='block_1_6' title="bbox 159 2861 1377 3679">
    <p class='ocr_par' dir='ltr' id='par_1_6' title="bbox 159 2861 1377 3679">
     <span class='ocr_line' id='line_1_20' title="bbox 221 2861 1377 2951; baseline 0.001 -23"><span class='ocrx_word' id='word_1_129' title='bbox 221 2865 381 2951; x_wconf 86' lang='lat' dir='ltr'>Episcopo</span> <span class='ocrx_word' id='word_1_130' title='bbox 410 2861 603 2927; x_wconf 90' lang='lat' dir='ltr'>Beluacensi.</span> <span class='ocrx_word' id='word_1_131' title='bbox 650 2861 787 2927; x_wconf 81' lang='lat' dir='ltr'>Litteras</span> <span class='ocrx_word' id='word_1_132' title='bbox 815 2872 936 2927; x_wconf 87' lang='lat' dir='ltr'>uestras</span> <span class='ocrx_word' id='word_1_133' title='bbox 962 2884 1022 2948; x_wconf 92' lang='lat' dir='ltr'>pro</span> <span class='ocrx_word' id='word_1_134' title='bbox 1046 2899 1177 2912; x_wconf 91' lang='lat'>-—</span> <span class='ocrx_word' id='word_1_135' title='bbox 1204 2865 1377 2949; x_wconf 90' lang='lat' dir='ltr'>presbitero</span> 
     </span>
     <span class='ocr_line' id='line_1_21' title="bbox 175 2966 1375 3057; baseline -0.001 -24"><span class='ocrx_word' id='word_1_136' title='bbox 175 2968 369 3057; x_wconf 88' lang='lat' dir='ltr'>presentium</span> <span class='ocrx_word' id='word_1_137' title='bbox 393 2966 492 3032; x_wconf 89' lang='lat' dir='ltr'>latore</span> <span class='ocrx_word' id='word_1_138' title='bbox 514 2966 683 3052; x_wconf 90' lang='lat' dir='ltr'>recipimus</span> <span class='ocrx_word' id='word_1_139' title='bbox 705 2988 842 3052; x_wconf 91' lang='lat' dir='ltr'>quarum</span> <span class='ocrx_word' id='word_1_140' title='bbox 864 2974 955 3031; x_wconf 91' lang='lat' dir='ltr'>tenor</span> <span class='ocrx_word' id='word_1_141' title='bbox 977 2975 1008 3031; x_wconf 90' lang='lat' dir='ltr'>et</span> <span class='ocrx_word' id='word_1_142' title='bbox 1028 2967 1193 3051; x_wconf 87' lang='lat' dir='ltr'>portitoris</span> <span class='ocrx_word' id='word_1_143' title='bbox 1215 2991 1375 3034; x_wconf 86' lang='lat' dir='ltr'>excessum</span> 
     </span>
     <span class='ocr_line' id='line_1_22' title="bbox 174 3068 1377 3156; baseline -0.003 -16"><span class='ocrx_word' id='word_1_144' title='bbox 174 3084 206 3140; x_wconf 94' lang='lat' dir='ltr'>et</span> <span class='ocrx_word' id='word_1_145' title='bbox 222 3073 324 3138; x_wconf 80' lang='lat' dir='ltr'>uelum</span> <span class='ocrx_word' id='word_1_146' title='bbox 340 3071 522 3136; x_wconf 88' lang='lat' dir='ltr'>correctoris</span> <span class='ocrx_word' id='word_1_147' title='bbox 546 3071 718 3156; x_wconf 77' lang='lat' dir='ltr'>expressit,</span> <span class='ocrx_word' id='word_1_148' title='bbox 741 3068 780 3135; x_wconf 88' lang='lat' dir='ltr'>de</span> <span class='ocrx_word' id='word_1_149' title='bbox 800 3070 951 3156; x_wconf 81' lang='lat' dir='ltr'>preterita</span> <span class='ocrx_word' id='word_1_150' title='bbox 966 3071 1065 3156; x_wconf 91' lang='lat' dir='ltr'>igitur</span> <span class='ocrx_word' id='word_1_151' title='bbox 1080 3070 1297 3138; x_wconf 88' lang='lat' dir='ltr'>sollicitudine</span> <span class='ocrx_word' id='word_1_152' title='bbox 1314 3073 1377 3138; x_wconf 90' lang='lat' dir='ltr'>col·</span> 
     </span>
     <span class='ocr_line' id='line_1_23' title="bbox 176 3172 1376 3264; baseline 0 -22"><span class='ocrx_word' id='word_1_153' title='bbox 176 3179 309 3264; x_wconf 90' lang='lat' dir='ltr'>ligentes</span> <span class='ocrx_word' id='word_1_154' title='bbox 323 3175 401 3262; x_wconf 91' lang='lat' dir='ltr'>quid</span> <span class='ocrx_word' id='word_1_155' title='bbox 417 3175 457 3239; x_wconf 92' lang='lat' dir='ltr'>de</span> <span class='ocrx_word' id='word_1_156' title='bbox 472 3175 580 3240; x_wconf 88' lang='lat' dir='ltr'>futura</span> <span class='ocrx_word' id='word_1_157' title='bbox 595 3196 767 3260; x_wconf 90' lang='lat' dir='ltr'>speremus,</span> <span class='ocrx_word' id='word_1_158' title='bbox 779 3172 902 3239; x_wconf 89' lang='lat' dir='ltr'>dictum</span> <span class='ocrx_word' id='word_1_159' title='bbox 917 3197 989 3239; x_wconf 91' lang='lat' dir='ltr'>cum</span> <span class='ocrx_word' id='word_1_160' title='bbox 1005 3173 1121 3239; x_wconf 91' lang='lat' dir='ltr'>eisdem</span> <span class='ocrx_word' id='word_1_161' title='bbox 1137 3175 1253 3241; x_wconf 88' lang='lat' dir='ltr'>litteris</span> <span class='ocrx_word' id='word_1_162' title='bbox 1269 3186 1376 3242; x_wconf 91' lang='lat' dir='ltr'>nostro</span> 
     </span>
     <span class='ocr_line' id='line_1_24' title="bbox 175 3278 1375 3366; baseline -0.003 -19"><span class='ocrx_word' id='word_1_163' title='bbox 175 3281 305 3347; x_wconf 88' lang='lat' dir='ltr'>inclusis</span> <span class='ocrx_word' id='word_1_164' title='bbox 329 3278 434 3366; x_wconf 90' lang='lat' dir='ltr'>sigillo</span> <span class='ocrx_word' id='word_1_165' title='bbox 456 3278 497 3342; x_wconf 92' lang='lat' dir='ltr'>ad</span> <span class='ocrx_word' id='word_1_166' title='bbox 524 3302 581 3342; x_wconf 90' lang='lat' dir='ltr'>uos</span> <span class='ocrx_word' id='word_1_167' title='bbox 606 3278 758 3343; x_wconf 86' lang='lat' dir='ltr'>duximus</span> <span class='ocrx_word' id='word_1_168' title='bbox 782 3278 1019 3362; x_wconf 88' lang='lat' dir='ltr'>remittendum,</span> <span class='ocrx_word' id='word_1_169' title='bbox 1042 3280 1229 3345; x_wconf 88' lang='lat' dir='ltr'>auctoritate</span> <span class='ocrx_word' id='word_1_170' title='bbox 1256 3278 1375 3346; x_wconf 92' lang='lat' dir='ltr'>domini</span> 
     </span>
     <span class='ocr_line' id='line_1_25' title="bbox 159 3382 1374 3474; baseline -0.002 -23"><span class='ocrx_word' id='word_1_171' title='bbox 159 3409 257 3474; x_wconf 59' lang='lat' dir='ltr'>&gt;pape</span> <span class='ocrx_word' id='word_1_172' title='bbox 294 3393 395 3449; x_wconf 76' lang='lat' dir='ltr'>uestra</span> <span class='ocrx_word' id='word_1_173' title='bbox 424 3382 624 3468; x_wconf 91' lang='lat' dir='ltr'>prouidentie</span> <span class='ocrx_word' id='word_1_174' title='bbox 653 3382 851 3448; x_wconf 90' lang='lat' dir='ltr'>consulentes</span> <span class='ocrx_word' id='word_1_175' title='bbox 881 3392 1037 3470; x_wconf 90' lang='lat' dir='ltr'>quatenus</span> <span class='ocrx_word' id='word_1_176' title='bbox 1069 3383 1267 3450; x_wconf 89' lang='lat' dir='ltr'>considerato</span> <span class='ocrx_word' id='word_1_177' title='bbox 1298 3385 1374 3471; x_wconf 92' lang='lat' dir='ltr'>quid</span> 
     </span>
     <span class='ocr_line' id='line_1_26' title="bbox 175 3485 1376 3574; baseline -0.002 -19"><span class='ocrx_word' id='word_1_178' title='bbox 175 3491 276 3570; x_wconf 89' lang='lat' dir='ltr'>liceat,</span> <span class='ocrx_word' id='word_1_179' title='bbox 299 3488 377 3574; x_wconf 90' lang='lat' dir='ltr'>quid</span> <span class='ocrx_word' id='word_1_180' title='bbox 399 3487 515 3571; x_wconf 85' lang='lat' dir='ltr'>deceat,</span> <span class='ocrx_word' id='word_1_181' title='bbox 538 3495 568 3551; x_wconf 93' lang='lat' dir='ltr'>et</span> <span class='ocrx_word' id='word_1_182' title='bbox 592 3486 670 3572; x_wconf 93' lang='lat' dir='ltr'>quid</span> <span class='ocrx_word' id='word_1_183' title='bbox 697 3485 844 3572; x_wconf 85' lang='lat' dir='ltr'>expediat</span> <span class='ocrx_word' id='word_1_184' title='bbox 867 3486 906 3551; x_wconf 92' lang='lat' dir='ltr'>de</span> <span class='ocrx_word' id='word_1_185' title='bbox 931 3509 1028 3551; x_wconf 90' lang='lat' dir='ltr'>manu</span> <span class='ocrx_word' id='word_1_186' title='bbox 1055 3497 1159 3552; x_wconf 88' lang='lat' dir='ltr'>uestra</span> <span class='ocrx_word' id='word_1_187' title='bbox 1182 3511 1247 3554; x_wconf 92' lang='lat' dir='ltr'>non</span> <span class='ocrx_word' id='word_1_188' title='bbox 1273 3489 1376 3555; x_wconf 90' lang='lat' dir='ltr'>solum</span> 
     </span>
     <span class='ocr_line' id='line_1_27' title="bbox 176 3590 1055 3679; baseline 0 -21"><span class='ocrx_word' id='word_1_189' title='bbox 176 3596 244 3658; x_wconf 91' lang='lat' dir='ltr'>uini</span> <span class='ocrx_word' id='word_1_190' title='bbox 268 3593 404 3679; x_wconf 88' lang='lat' dir='ltr'>rigorem</span> <span class='ocrx_word' id='word_1_191' title='bbox 427 3591 581 3677; x_wconf 88' lang='lat' dir='ltr'>percipiat</span> <span class='ocrx_word' id='word_1_192' title='bbox 603 3590 658 3656; x_wconf 88' lang='lat' dir='ltr'>sed</span> <span class='ocrx_word' id='word_1_193' title='bbox 681 3590 775 3655; x_wconf 93' lang='lat' dir='ltr'>etiam</span> <span class='ocrx_word' id='word_1_194' title='bbox 799 3590 859 3656; x_wconf 92' lang='lat' dir='ltr'>olei</span> <span class='ocrx_word' id='word_1_195' title='bbox 884 3590 1055 3658; x_wconf 90' lang='lat' dir='ltr'>lenitatem.</span> 
     </span>
    </p>
   </div>
   <div class='ocr_carea' id='block_1_7' title="bbox 619 3799 919 3887">
    <p class='ocr_par' dir='ltr' id='par_1_7' title="bbox 619 3799 919 3887">
     <span class='ocr_line' id='line_1_28' title="bbox 619 3799 919 3887; baseline 0.01 -25"><span class='ocrx_word' id='word_1_196' title='bbox 619 3818 684 3863; x_wconf 80' lang='lat' dir='ltr'>-on</span> <span class='ocrx_word' id='word_1_197' title='bbox 707 3818 839 3866; x_wconf 78' lang='lat' dir='ltr'>nouom.</span> <span class='ocrx_word' id='word_1_198' title='bbox 863 3799 919 3887; x_wconf 81' lang='lat'><strong>(2).</strong></span> 
     </span>
    </p>
   </div>
   <div class='ocr_carea' id='block_1_8' title="bbox 177 3990 1377 4600">
    <p class='ocr_par' dir='ltr' id='par_1_8' title="bbox 177 3990 1377 4600">
     <span class='ocr_line' id='line_1_29' title="bbox 223 3990 1376 4079; baseline 0.001 -22"><span class='ocrx_word' id='word_1_199' title='bbox 223 3993 382 4079; x_wconf 86' lang='lat' dir='ltr'>Episcopo</span> <span class='ocrx_word' id='word_1_200' title='bbox 396 4029 536 4058; x_wconf 91' lang='lat'>—.</span> <span class='ocrx_word' id='word_1_201' title='bbox 581 3990 700 4056; x_wconf 83' lang='lat' dir='ltr'>Casum</span> <span class='ocrx_word' id='word_1_202' title='bbox 718 4000 748 4055; x_wconf 90' lang='lat' dir='ltr'>et</span> <span class='ocrx_word' id='word_1_203' title='bbox 763 4013 888 4056; x_wconf 89' lang='lat' dir='ltr'>oausam</span> <span class='ocrx_word' id='word_1_204' title='bbox 905 3992 1161 4057; x_wconf 75' lang='lat' dir='ltr'>—latoris</span> <span class='ocrx_word' id='word_1_205' title='bbox 1184 3995 1376 4079; x_wconf 78' lang='lat' dir='ltr'>presentium</span> 
     </span>
     <span class='ocr_line' id='line_1_30' title="bbox 178 4095 1374 4182; baseline -0.001 -19"><span class='ocrx_word' id='word_1_206' title='bbox 178 4097 288 4163; x_wconf 83' lang='lat' dir='ltr'>cedula</span> <span class='ocrx_word' id='word_1_207' title='bbox 303 4096 443 4161; x_wconf 87' lang='lat' dir='ltr'>continet</span> <span class='ocrx_word' id='word_1_208' title='bbox 458 4095 655 4181; x_wconf 88' lang='lat' dir='ltr'>presentibus</span> <span class='ocrx_word' id='word_1_209' title='bbox 677 4095 856 4179; x_wconf 87' lang='lat' dir='ltr'>interclusa,</span> <span class='ocrx_word' id='word_1_210' title='bbox 872 4096 961 4160; x_wconf 88' lang='lat' dir='ltr'>cuius</span> <span class='ocrx_word' id='word_1_211' title='bbox 983 4106 1074 4161; x_wconf 93' lang='lat' dir='ltr'>tenor</span> <span class='ocrx_word' id='word_1_212' title='bbox 1087 4106 1117 4161; x_wconf 90' lang='lat' dir='ltr'>et</span> <span class='ocrx_word' id='word_1_213' title='bbox 1133 4097 1299 4182; x_wconf 90' lang='lat' dir='ltr'>portitoris</span> <span class='ocrx_word' id='word_1_214' title='bbox 1322 4121 1374 4164; x_wconf 88' lang='lat' dir='ltr'>ex-</span> 
     </span>
     <span class='ocr_line' id='line_1_31' title="bbox 177 4199 1377 4288; baseline -0.001 -20"><span class='ocrx_word' id='word_1_215' title='bbox 177 4223 298 4268; x_wconf 88' lang='lat' dir='ltr'>cessum</span> <span class='ocrx_word' id='word_1_216' title='bbox 314 4211 346 4265; x_wconf 92' lang='lat' dir='ltr'>et</span> <span class='ocrx_word' id='word_1_217' title='bbox 360 4200 462 4264; x_wconf 89' lang='lat' dir='ltr'>zelum</span> <span class='ocrx_word' id='word_1_218' title='bbox 478 4200 679 4265; x_wconf 89' lang='lat' dir='ltr'>correctionis</span> <span class='ocrx_word' id='word_1_219' title='bbox 693 4199 856 4286; x_wconf 75' lang='lat' dir='ltr'>expressit,</span> <span class='ocrx_word' id='word_1_220' title='bbox 872 4199 912 4264; x_wconf 92' lang='lat' dir='ltr'>de</span> <span class='ocrx_word' id='word_1_221' title='bbox 932 4201 1082 4286; x_wconf 89' lang='lat' dir='ltr'>preterita</span> <span class='ocrx_word' id='word_1_222' title='bbox 1097 4200 1196 4287; x_wconf 90' lang='lat' dir='ltr'>igitur</span> <span class='ocrx_word' id='word_1_223' title='bbox 1211 4200 1377 4288; x_wconf 83' lang='lat' dir='ltr'>diligentia</span> 
     </span>
     <span class='ocr_line' id='line_1_32' title="bbox 177 4303 1377 4391; baseline -0.002 -19"><span class='ocrx_word' id='word_1_224' title='bbox 177 4305 360 4391; x_wconf 85' lang='lat' dir='ltr'>colligentes</span> <span class='ocrx_word' id='word_1_225' title='bbox 375 4303 453 4390; x_wconf 91' lang='lat' dir='ltr'>quid</span> <span class='ocrx_word' id='word_1_226' title='bbox 468 4303 508 4368; x_wconf 92' lang='lat' dir='ltr'>de</span> <span class='ocrx_word' id='word_1_227' title='bbox 523 4303 632 4368; x_wconf 85' lang='lat' dir='ltr'>futura</span> <span class='ocrx_word' id='word_1_228' title='bbox 646 4326 817 4390; x_wconf 89' lang='lat' dir='ltr'>speremus,</span> <span class='ocrx_word' id='word_1_229' title='bbox 835 4305 940 4390; x_wconf 90' lang='lat' dir='ltr'>ipsum</span> <span class='ocrx_word' id='word_1_230' title='bbox 955 4304 994 4368; x_wconf 89' lang='lat' dir='ltr'>ad</span> <span class='ocrx_word' id='word_1_231' title='bbox 1019 4327 1077 4370; x_wconf 92' lang='lat' dir='ltr'>uos</span> <span class='ocrx_word' id='word_1_232' title='bbox 1095 4304 1248 4370; x_wconf 87' lang='lat' dir='ltr'>duximus</span> <span class='ocrx_word' id='word_1_233' title='bbox 1271 4307 1377 4372; x_wconf 90' lang='lat' dir='ltr'>remit·</span> 
     </span>
     <span class='ocr_line' id='line_1_33' title="bbox 177 4407 1377 4498; baseline -0.001 -22"><span class='ocrx_word' id='word_1_234' title='bbox 177 4409 319 4493; x_wconf 89' lang='lat' dir='ltr'>tendum,</span> <span class='ocrx_word' id='word_1_235' title='bbox 344 4408 530 4473; x_wconf 90' lang='lat' dir='ltr'>auctoritate</span> <span class='ocrx_word' id='word_1_236' title='bbox 555 4407 679 4473; x_wconf 90' lang='lat' dir='ltr'>domini</span> <span class='ocrx_word' id='word_1_237' title='bbox 704 4431 785 4494; x_wconf 86' lang='lat' dir='ltr'>pape</span> <span class='ocrx_word' id='word_1_238' title='bbox 811 4419 867 4473; x_wconf 91' lang='lat' dir='ltr'>ete.</span> <span class='ocrx_word' id='word_1_239' title='bbox 893 4417 1049 4495; x_wconf 88' lang='lat' dir='ltr'>quatenus</span> <span class='ocrx_word' id='word_1_240' title='bbox 1076 4409 1273 4477; x_wconf 87' lang='lat' dir='ltr'>considerato</span> <span class='ocrx_word' id='word_1_241' title='bbox 1300 4411 1377 4498; x_wconf 91' lang='lat' dir='ltr'>quid</span> 
     </span>
     <span class='ocr_line' id='line_1_34' title="bbox 179 4513 619 4600; baseline -0.005 -21"><span class='ocrx_word' id='word_1_242' title='bbox 179 4516 271 4579; x_wconf 86' lang='lat' dir='ltr'>liceat</span> <span class='ocrx_word' id='word_1_243' title='bbox 287 4537 385 4600; x_wconf 91' lang='lat' dir='ltr'>usque</span> <span class='ocrx_word' id='word_1_244' title='bbox 400 4513 619 4578; x_wconf 89' lang='lat' dir='ltr'>lenimentum.</span> 
     </span>
    </p>
   </div>
   <div class='ocr_carea' id='block_1_9' title="bbox 0 0 1558 5476">
    <p class='ocr_par' dir='ltr' id='par_1_9' title="bbox 0 0 1558 5476">
     <span class='ocr_line' id='line_1_35' title="bbox 0 0 1558 5476; baseline 0 0"><span class='ocrx_word' id='word_1_245' title='bbox 0 0 1558 5476; x_wconf 95' lang='lat' dir='ltr'> </span> 
     </span>
    </p>
   </div>
  </div>
 </body>
</html>
