3090 5490
280 524 320 588 82
382 538 520 588 LXVII.
548 539 598 586 DE
627 538 870 587 SENTENTIA
900 538 999 586 Posr
1028 537 1412 588 Arrnnnfflortnu.

808 799 964 867 LXVII.

445 992 502 1055 Du
524 991 731 1056 Sunrnurra
754 991 857 1055 Lem
881 991 970 1056 Posr
991 990 1321 1056 Arrnnnarmnnu.

329 1180 434 1244 Priori
456 1181 555 1244 sancti
578 1180 745 1244 Laurentii
767 1178 806 1243 de
830 1178 949 1265 Spello.
998 1179 1063 1244 Sua
1077 1180 1170 1244 nobis
1189 1179 1229 1245 G.
1247 1178 1382 1243 clericus
1405 1178 1484 1243 lator

285 1284 475 1369 presentium
499 1284 692 1349 confessione
715 1284 905 1349 monstrauit
919 1282 1005 1370 quod
1028 1307 1100 1348 cum
1123 1283 1313 1348 uenerabilis
1337 1282 1484 1348 dominus

286 1389 326 1452 R.
343 1396 448 1453 sancte
463 1388 567 1453 Marie
582 1389 614 1452 in
634 1387 802 1453 Cosmedin
818 1387 968 1453 diaconus
983 1387 1163 1453 cardinalis1
1179 1388 1256 1453 olim
1273 1396 1378 1453 rector
1392 1387 1485 1452 duca-

284 1500 336 1556 tus
352 1490 474 1578 Spoleti
488 1492 549 1557 sibi
565 1491 740 1558 custodiam
756 1515 862 1573 rerum
879 1493 1059 1557 monasterii
1075 1492 1174 1558 sancti
1194 1491 1344 1558 Silvestri
1360 1490 1484 1557 Subasii

284 1597 501 1679 commisisset,
516 1596 718 1682 postmodum
743 1633 874 1645 —-
889 1596 1004 1661 Abbas
1026 1595 1166 1662 eiusdem
1190 1597 1375 1662 monasterii
1399 1618 1485 1660 men-

284 1701 402 1766 tionem
419 1723 481 1766 non
505 1700 622 1766 faciens
644 1701 683 1766 de
705 1699 867 1787 premissis
890 1700 929 1764 ad
946 1739 1078 1749 --
1094 1700 1351 1766 Camerinensem
1369 1700 1487 1786 episco-

285 1827 362 1890 pum
378 1812 409 1869 et
423 1804 557 1891 collegas
579 1805 646 1870 eius
661 1813 770 1870 contra
785 1828 856 1869 eum
873 1805 1059 1890 apostolicas
1080 1805 1202 1870 litteras
1217 1804 1414 1892 impetrauit,
1432 1803 1486 1891 qui

284 1916 356 1995 post
370 1909 613 1994 appellationem
629 1909 668 1974 ad
692 1909 795 1974 sedem
819 1909 1023 1995 apostolicam
1046 1910 1241 1974 interiectam
1265 1907 1487 1974 excommuni-

285 2011 416 2078 cationis
438 2013 471 2076 in
488 2036 559 2078 eum
582 2015 769 2078 sententiam
786 2013 1015 2100 promulgauit‚
1032 2022 1062 2078 et
1077 2013 1151 2078 licet
1166 2013 1271 2079 dictus
1286 2051 1422 2062 —
1436 2011 1488 2077 ad·

287 2116 526 2183 ministrationis
541 2140 596 2182 sue
611 2116 734 2182 reddita
750 2117 871 2182 ratione
886 2141 942 2203 per
955 2117 1166 2183 uenerabilem
1177 2127 1302 2204 patrem
1317 2117 1488 2182 dominum

286 2221 318 2285 J.
335 2220 375 2285 de
390 2220 570 2307 Columpua
584 2221 671 2286 tituli
687 2223 785 2286 sancti
803 2221 957 2287 Praxedis
974 2223 1184 2308 presbiterum
1199 2221 1395 2287 cardinalem
1410 2231 1488 2286 tunc

286 2325 424 2389 eiusdem
439 2324 572 2390 ducatus
595 2335 747 2390 rectorem
763 2325 803 2390 ab
819 2327 1142 2391 excommunicatione
1162 2326 1302 2413 predicta
1319 2325 1385 2391 fuit
1399 2327 1490 2391 abso

287 2429 372 2493 lutus
395 2429 509 2493 iterum
531 2439 636 2495 tamen
659 2431 784 2516 petebat
798 2430 931 2497 absolui.
977 2431 1046 2495 Nos
1069 2443 1175 2496 autem
1190 2430 1230 2496 de
1251 2429 1382 2516 speciali
1402 2453 1491 2495 man·

287 2532 361 2597 dato
386 2533 507 2599 domini
538 2557 619 2620 pape
648 2534 689 2599 ab
718 2534 1042 2600 excommunicatione
1072 2534 1213 2621 predicta
1240 2535 1347 2621 ipsum
1375 2535 1491 2600 iterato

287 2637 483 2703 absoluimus
508 2638 549 2703 ad
572 2639 725 2703 cautelam
750 2639 810 2703 sibi
837 2661 932 2724 super
954 2639 1150 2705 absolutione
1172 2662 1228 2704 sua
1251 2647 1415 2725 presentes
1439 2639 1493 2702 lit·

287 2752 369 2806 teras
399 2743 432 2806 in
463 2744 680 2809 testimonium
704 2743 915 2826 concedentes,
939 2745 1103 2829 presertim
1129 2767 1201 2808 cum
1229 2752 1360 2830 paratus
1385 2742 1429 2808 sit
1455 2742 1494 2808 de

290 2846 436 2932 predictis
459 2846 588 2912 reddere
611 2849 775 2913 rationem.

748 3075 796 3119 nn
819 3074 950 3120 nonum.
975 3054 1033 3143 (2).

334 3229 493 3317 Episcopo
509 3230 665 3296 Tullensi.
703 3269 835 3279 —-
849 3231 1003 3316 presbiter
1018 3231 1100 3296 lator
1114 3231 1308 3316 presentium
1322 3231 1497 3316 proposuit

288 3357 392 3400 coram
410 3336 501 3401 nobis
523 3335 696 3422 quodcum
718 3358 738 3399 a
757 3336 847 3400 uobis
870 3336 902 3398 in
927 3334 1064 3420 quadam
1087 3357 1180 3400 causa
1201 3358 1261 3421 pro
1277 3344 1363 3400 certo
1378 3357 1498 3420 graua-

290 3440 375 3504 mine
396 3441 574 3526 appellarit,
590 3463 647 3505 uos
670 3440 769 3525 ipsius
791 3439 1004 3525 appellatione
1026 3448 1206 3525 contempta
1221 3440 1255 3502 in
1271 3461 1345 3504 eum
1365 3461 1497 3504 excom-

289 3545 509 3610 munimtionis
533 3545 720 3610 sententiam
742 3544 977 3629 promulgastis.
1030 3542 1091 3608 Sed
1116 3533 1210 3626 idem,
1233 3552 1303 3608 tum
1325 3544 1403 3629 quia
1429 3543 1497 3609 late

290 3649 442 3714 sententie
464 3649 684 3715 certitudinem
701 3672 765 3715 non
781 3648 925 3732 babebat,
942 3659 1010 3712 turn
1026 3650 1102 3735 quia
1117 3649 1156 3713 de
1170 3647 1394 3734 appellationis
1418 3668 1498 3713 con-

290 3753 399 3818 fitebat
413 3754 564 3840 suffragio
578 3777 597 3818 a
612 3755 661 3819 sui
676 3755 860 3818 executione
875 3753 969 3818 officii
994 3776 1055 3818 non
1072 3753 1213 3819 cessauit.
1260 3751 1389 3820 Verum
1404 3762 1498 3838 post-

290 3881 387 3944 quam
402 3857 442 3922 ad
457 3859 524 3923 eius
540 3859 685 3923 notitiam
700 3882 756 3944 per
771 3858 891 3923 litteras
911 3868 1030 3922 uestras
1053 3856 1207 3922 sententia
1223 3856 1364 3943 predicta
1380 3880 1498 3942 perue-

291 3962 339 4027 nit
361 3973 537 4028 reuerenter
554 3964 708 4028 abstinuit
726 3986 744 4028 a
759 3963 888 4028 diuinis.
935 3962 1017 4028 Sane
1040 3984 1113 4027 cum
1135 3963 1217 4026 cirta
1240 3962 1345 4047 ipsum
1371 3962 1415 4025 sit
1438 3976 1498 4047 per

324 4169 473 4222 ¹Rainerio
485 4171 620 4237 Capoocio,
633 4170 736 4222 created
754 4171 872 4223 cardinal
890 4170 988 4223 deacon
1006 4170 1036 4221 of
1051 4170 1077 4222 S.
1091 4169 1180 4221 Maria
1197 4168 1226 4220 in
1244 4167 1387 4220 cosmedin
1399 4167 1438 4235 by
1451 4169 1499 4221 In-

291 4262 386 4306 nocent
398 4255 452 4305 III.
465 4255 493 4305 in
506 4255 579 4305 1198.
614 4255 659 4306 He
677 4254 699 4305 is
716 4254 773 4306 said
787 4263 814 4306 to
827 4254 896 4306 have
908 4253 982 4306 lived
996 4253 1066 4305 until
1079 4255 1145 4304 1250
1157 4269 1188 4304 or
1201 4253 1274 4303 1251.
1309 4251 1363 4302 His
1374 4251 1499 4319 legation

290 4338 319 4389 in
331 4338 377 4390 the
394 4338 483 4400 duchy
494 4339 524 4389 of
538 4338 646 4404 Spoleto
663 4337 788 4389 occurred
806 4338 890 4389 under
902 4337 948 4389 the
965 4336 1118 4404 pontificate
1130 4337 1160 4388 of
1174 4335 1297 4402 Gregory
1308 4335 1360 4386 IX.
1376 4335 1500 4401 (Giacco

290 4422 356 4486 nius,
370 4423 408 4474 11.
421 4423 473 4478 34t.
509 4421 634 4473 Cardinal
652 4421 771 4473 Colonna
783 4429 853 4473 must
864 4422 933 4473 have
949 4421 1015 4474 been
1027 4420 1070 4472 his
1087 4418 1242 4472 immediate
1259 4435 1392 4471 successor
1403 4435 1434 4471 as
1453 4419 1500 4473 his

291 4514 463 4572 govemment
475 4507 505 4558 of
519 4506 566 4557 the
583 4505 671 4571 duchy
683 4522 735 4556 was
751 4505 820 4556 from
833 4506 897 4556 1228
913 4513 940 4556 to
953 4505 1017 4555 1231
1033 4503 1083 4569 (Ib.
1096 4521 1121 4570 p.
1134 4503 1187 4568 58).
1222 4502 1312 4569 Spello
1324 4502 1347 4553 is
1365 4520 1382 4553 a
1393 4503 1500 4571 village

292 4607 356 4641 near
368 4590 490 4656 Foligno.
