<?xml version="1.0" encoding="UTF-8"?>
<!DOCTYPE html PUBLIC "-//W3C//DTD XHTML 1.0 Transitional//EN"
    "http://www.w3.org/TR/xhtml1/DTD/xhtml1-transitional.dtd">
<html xmlns="http://www.w3.org/1999/xhtml" xml:lang="en" lang="en">
 <head>
  <title>
</title>
<meta http-equiv="Content-Type" content="text/html;charset=utf-8" />
  <meta name='ocr-system' content='tesseract 3.04.00' />
  <meta name='ocr-capabilities' content='ocr_page ocr_carea ocr_par ocr_line ocrx_word'/>
</head>
<body>
  <div class='ocr_page' id='page_1' title='image "aformularypapal00leagoog_0083.png"; bbox 0 0 3098 5476; ppageno 0'>
   <div class='ocr_carea' id='block_1_1' title="bbox 167 461 1251 532">
    <p class='ocr_par' dir='ltr' id='par_1_1' title="bbox 167 461 1251 532">
     <span class='ocr_line' id='line_1_1' title="bbox 167 461 1251 532; baseline -0.002 -6"><span class='ocrx_word' id='word_1_1' title='bbox 167 461 214 526; x_wconf 83' lang='lat'>34</span> <span class='ocrx_word' id='word_1_2' title='bbox 293 476 491 526; x_wconf 82' lang='lat' dir='ltr'>xx1v.uu</span> <span class='ocrx_word' id='word_1_3' title='bbox 519 476 584 525; x_wconf 82' lang='lat' dir='ltr'>um</span> <span class='ocrx_word' id='word_1_4' title='bbox 612 475 684 532; x_wconf 89' lang='lat' dir='ltr'>Qu1</span> <span class='ocrx_word' id='word_1_5' title='bbox 712 475 956 526; x_wconf 72' lang='lat' dir='ltr'>manassae</span> <span class='ocrx_word' id='word_1_6' title='bbox 985 475 1251 525; x_wconf 78' lang='lat' dir='ltr'>uourcmns</span> 
     </span>
    </p>
   </div>
   <div class='ocr_carea' id='block_1_2' title="bbox 167 634 1370 1034">
    <p class='ocr_par' dir='ltr' id='par_1_2' title="bbox 167 634 1370 1034">
     <span class='ocr_line' id='line_1_2' title="bbox 170 634 1368 721; baseline 0.003 -22"><span class='ocrx_word' id='word_1_7' title='bbox 170 635 336 700; x_wconf 89' lang='lat' dir='ltr'>humiliter</span> <span class='ocrx_word' id='word_1_8' title='bbox 350 634 545 721; x_wconf 80' lang='lat' dir='ltr'>simplicitati</span> <span class='ocrx_word' id='word_1_9' title='bbox 561 643 688 721; x_wconf 87' lang='lat' dir='ltr'>sue&#39;per</span> <span class='ocrx_word' id='word_1_10' title='bbox 702 634 785 700; x_wconf 86' lang='lat' dir='ltr'>sedis</span> <span class='ocrx_word' id='word_1_11' title='bbox 803 634 973 720; x_wconf 88' lang='lat' dir='ltr'>apostolice</span> <span class='ocrx_word' id='word_1_12' title='bbox 988 634 1189 700; x_wconf 87' lang='lat' dir='ltr'>clementiam</span> <span class='ocrx_word' id='word_1_13' title='bbox 1201 634 1368 702; x_wconf 87' lang='lat' dir='ltr'>subueniri.</span> 
     </span>
     <span class='ocr_line' id='line_1_3' title="bbox 171 738 1368 825; baseline 0.001 -21"><span class='ocrx_word' id='word_1_14' title='bbox 171 739 260 819; x_wconf 77' lang='lat' dir='ltr'>Quia</span> <span class='ocrx_word' id='word_1_15' title='bbox 277 761 351 805; x_wconf 93' lang='lat' dir='ltr'>uero</span> <span class='ocrx_word' id='word_1_16' title='bbox 374 740 466 805; x_wconf 91' lang='lat' dir='ltr'>nobis</span> <span class='ocrx_word' id='word_1_17' title='bbox 488 761 552 804; x_wconf 92' lang='lat' dir='ltr'>non</span> <span class='ocrx_word' id='word_1_18' title='bbox 575 740 716 804; x_wconf 90' lang='lat' dir='ltr'>constitit</span> <span class='ocrx_word' id='word_1_19' title='bbox 735 738 775 804; x_wconf 88' lang='lat' dir='ltr'>de</span> <span class='ocrx_word' id='word_1_20' title='bbox 797 739 960 825; x_wconf 81' lang='lat' dir='ltr'>premissis</span> <span class='ocrx_word' id='word_1_21' title='bbox 981 738 1167 805; x_wconf 87' lang='lat' dir='ltr'>discretioni</span> <span class='ocrx_word' id='word_1_22' title='bbox 1190 748 1297 805; x_wconf 85' lang='lat' dir='ltr'>uestre</span> <span class='ocrx_word' id='word_1_23' title='bbox 1317 748 1368 805; x_wconf 78' lang='lat' dir='ltr'>eta</span> 
     </span>
     <span class='ocr_line' id='line_1_4' title="bbox 167 843 1370 931; baseline 0.001 -22"><span class='ocrx_word' id='word_1_24' title='bbox 167 852 327 931; x_wconf 89' lang='lat' dir='ltr'>quatenus</span> <span class='ocrx_word' id='word_1_25' title='bbox 349 844 376 909; x_wconf 91' lang='lat' dir='ltr'>si</span> <span class='ocrx_word' id='word_1_26' title='bbox 398 843 483 908; x_wconf 88' lang='lat' dir='ltr'>dicta</span> <span class='ocrx_word' id='word_1_27' title='bbox 505 844 637 908; x_wconf 85' lang='lat' dir='ltr'>ueritate</span> <span class='ocrx_word' id='word_1_28' title='bbox 659 843 802 907; x_wconf 89' lang='lat' dir='ltr'>nitantur</span> <span class='ocrx_word' id='word_1_29' title='bbox 817 866 881 908; x_wconf 90' lang='lat' dir='ltr'>non</span> <span class='ocrx_word' id='word_1_30' title='bbox 898 844 1049 930; x_wconf 88' lang='lat' dir='ltr'>reputetis</span> <span class='ocrx_word' id='word_1_31' title='bbox 1070 866 1144 909; x_wconf 90' lang='lat' dir='ltr'>eum</span> <span class='ocrx_word' id='word_1_32' title='bbox 1160 853 1294 930; x_wconf 87' lang='lat' dir='ltr'>propter</span> <span class='ocrx_word' id='word_1_33' title='bbox 1308 864 1370 930; x_wconf 68' lang='lat' dir='ltr'>pre</span> 
     </span>
     <span class='ocr_line' id='line_1_5' title="bbox 171 947 741 1034; baseline -0.002 -22"><span class='ocrx_word' id='word_1_34' title='bbox 171 949 267 1013; x_wconf 88' lang='lat' dir='ltr'>missa</span> <span class='ocrx_word' id='word_1_35' title='bbox 282 947 525 1034; x_wconf 81' lang='lat' dir='ltr'>irregularitatis</span> <span class='ocrx_word' id='word_1_36' title='bbox 541 957 615 1014; x_wconf 87' lang='lat' dir='ltr'>ncta</span> <span class='ocrx_word' id='word_1_37' title='bbox 631 948 741 1012; x_wconf 89' lang='lat' dir='ltr'>teneri.</span> 
     </span>
    </p>
   </div>
   <div class='ocr_carea' id='block_1_3' title="bbox 632 1139 917 1226">
    <p class='ocr_par' dir='ltr' id='par_1_3' title="bbox 632 1139 917 1226">
     <span class='ocr_line' id='line_1_6' title="bbox 632 1139 917 1226; baseline 0.004 -22"><span class='ocrx_word' id='word_1_38' title='bbox 632 1159 681 1204; x_wconf 78' lang='lat' dir='ltr'>na</span> <span class='ocrx_word' id='word_1_39' title='bbox 704 1158 836 1206; x_wconf 77' lang='lat' dir='ltr'>nonan.</span> <span class='ocrx_word' id='word_1_40' title='bbox 860 1139 917 1226; x_wconf 85' lang='lat'><strong>(3).</strong></span> 
     </span>
    </p>
   </div>
   <div class='ocr_carea' id='block_1_4' title="bbox 171 1314 1375 2548">
    <p class='ocr_par' dir='ltr' id='par_1_4' title="bbox 171 1314 1375 2548">
     <span class='ocr_line' id='line_1_7' title="bbox 216 1314 1373 1402; baseline -0.001 -23"><span class='ocrx_word' id='word_1_41' title='bbox 216 1315 338 1380; x_wconf 84' lang='lat' dir='ltr'>Abbati</span> <span class='ocrx_word' id='word_1_42' title='bbox 352 1352 491 1383; x_wconf 88' lang='lat'>—.</span> <span class='ocrx_word' id='word_1_43' title='bbox 530 1314 571 1382; x_wconf 88' lang='lat' dir='ltr'>R.</span> <span class='ocrx_word' id='word_1_44' title='bbox 582 1315 754 1380; x_wconf 87' lang='lat' dir='ltr'>monachus</span> <span class='ocrx_word' id='word_1_45' title='bbox 770 1315 952 1380; x_wconf 86' lang='lat' dir='ltr'>monasterii</span> <span class='ocrx_word' id='word_1_46' title='bbox 968 1315 1065 1380; x_wconf 90' lang='lat' dir='ltr'>uestri</span> <span class='ocrx_word' id='word_1_47' title='bbox 1081 1315 1165 1380; x_wconf 88' lang='lat' dir='ltr'>lator</span> <span class='ocrx_word' id='word_1_48' title='bbox 1180 1315 1373 1402; x_wconf 85' lang='lat' dir='ltr'>presentium</span> 
     </span>
     <span class='ocr_line' id='line_1_8' title="bbox 171 1418 1375 1506; baseline 0 -22"><span class='ocrx_word' id='word_1_49' title='bbox 171 1419 288 1484; x_wconf 91' lang='lat' dir='ltr'>humili</span> <span class='ocrx_word' id='word_1_50' title='bbox 311 1420 403 1486; x_wconf 87' lang='lat' dir='ltr'>nobis</span> <span class='ocrx_word' id='word_1_51' title='bbox 425 1419 619 1485; x_wconf 85' lang='lat' dir='ltr'>confessione</span> <span class='ocrx_word' id='word_1_52' title='bbox 643 1419 832 1484; x_wconf 88' lang='lat' dir='ltr'>monstrauit</span> <span class='ocrx_word' id='word_1_53' title='bbox 847 1418 933 1505; x_wconf 93' lang='lat' dir='ltr'>quod</span> <span class='ocrx_word' id='word_1_54' title='bbox 951 1419 1107 1505; x_wconf 89' lang='lat' dir='ltr'>cumipse</span> <span class='ocrx_word' id='word_1_55' title='bbox 1129 1442 1202 1483; x_wconf 89' lang='lat' dir='ltr'>cum</span> <span class='ocrx_word' id='word_1_56' title='bbox 1219 1419 1287 1485; x_wconf 92' lang='lat' dir='ltr'>alio</span> <span class='ocrx_word' id='word_1_57' title='bbox 1302 1442 1375 1506; x_wconf 92' lang='lat' dir='ltr'>quo·</span> 
     </span>
     <span class='ocr_line' id='line_1_9' title="bbox 172 1522 1373 1609; baseline -0.002 -20"><span class='ocrx_word' id='word_1_58' title='bbox 172 1524 246 1589; x_wconf 88' lang='lat' dir='ltr'>dam</span> <span class='ocrx_word' id='word_1_59' title='bbox 263 1524 417 1590; x_wconf 90' lang='lat' dir='ltr'>monacho</span> <span class='ocrx_word' id='word_1_60' title='bbox 435 1523 474 1589; x_wconf 89' lang='lat' dir='ltr'>de</span> <span class='ocrx_word' id='word_1_61' title='bbox 493 1524 642 1590; x_wconf 90' lang='lat' dir='ltr'>mandato</span> <span class='ocrx_word' id='word_1_62' title='bbox 658 1533 763 1589; x_wconf 86' lang='lat' dir='ltr'>uestro</span> <span class='ocrx_word' id='word_1_63' title='bbox 778 1523 812 1587; x_wconf 90' lang='lat' dir='ltr'>in</span> <span class='ocrx_word' id='word_1_64' title='bbox 831 1523 969 1609; x_wconf 89' lang='lat' dir='ltr'>quadam</span> <span class='ocrx_word' id='word_1_65' title='bbox 989 1522 1168 1589; x_wconf 85' lang='lat' dir='ltr'>obedientia</span> <span class='ocrx_word' id='word_1_66' title='bbox 1188 1532 1373 1606; x_wconf 87' lang='lat' dir='ltr'>moraretur,</span> 
     </span>
     <span class='ocr_line' id='line_1_10' title="bbox 172 1626 1374 1714; baseline -0.002 -21"><span class='ocrx_word' id='word_1_67' title='bbox 172 1627 285 1693; x_wconf 88' lang='lat' dir='ltr'>accidit</span> <span class='ocrx_word' id='word_1_68' title='bbox 304 1628 388 1714; x_wconf 91' lang='lat' dir='ltr'>quod</span> <span class='ocrx_word' id='word_1_69' title='bbox 410 1629 493 1692; x_wconf 90' lang='lat' dir='ltr'>inter</span> <span class='ocrx_word' id='word_1_70' title='bbox 508 1627 661 1714; x_wconf 90' lang='lat' dir='ltr'>quosdam</span> <span class='ocrx_word' id='word_1_71' title='bbox 680 1627 824 1693; x_wconf 90' lang='lat' dir='ltr'>homines</span> <span class='ocrx_word' id='word_1_72' title='bbox 844 1626 983 1692; x_wconf 91' lang='lat' dir='ltr'>eiusdem</span> <span class='ocrx_word' id='word_1_73' title='bbox 1002 1627 1063 1693; x_wconf 91' lang='lat' dir='ltr'>loci</span> <span class='ocrx_word' id='word_1_74' title='bbox 1081 1626 1242 1692; x_wconf 88' lang='lat' dir='ltr'>discordia</span> <span class='ocrx_word' id='word_1_75' title='bbox 1264 1641 1312 1693; x_wconf 91' lang='lat' dir='ltr'>est</span> <span class='ocrx_word' id='word_1_76' title='bbox 1327 1651 1374 1692; x_wconf 89' lang='lat' dir='ltr'>su-</span> 
     </span>
     <span class='ocr_line' id='line_1_11' title="bbox 172 1731 1375 1818; baseline -0.002 -21"><span class='ocrx_word' id='word_1_77' title='bbox 172 1734 274 1816; x_wconf 89' lang='lat' dir='ltr'>borta,</span> <span class='ocrx_word' id='word_1_78' title='bbox 284 1743 314 1798; x_wconf 92' lang='lat' dir='ltr'>et</span> <span class='ocrx_word' id='word_1_79' title='bbox 324 1731 399 1796; x_wconf 92' lang='lat' dir='ltr'>dum</span> <span class='ocrx_word' id='word_1_80' title='bbox 411 1732 450 1797; x_wconf 90' lang='lat' dir='ltr'>ad</span> <span class='ocrx_word' id='word_1_81' title='bbox 464 1755 535 1796; x_wconf 91' lang='lat' dir='ltr'>eum</span> <span class='ocrx_word' id='word_1_82' title='bbox 546 1741 699 1818; x_wconf 81' lang='lat' dir='ltr'>tanquam</span> <span class='ocrx_word' id='word_1_83' title='bbox 708 1731 748 1796; x_wconf 89' lang='lat' dir='ltr'>ad</span> <span class='ocrx_word' id='word_1_84' title='bbox 760 1731 927 1797; x_wconf 92' lang='lat' dir='ltr'>dominum</span> <span class='ocrx_word' id='word_1_85' title='bbox 936 1740 1018 1796; x_wconf 89' lang='lat' dir='ltr'>terre</span> <span class='ocrx_word' id='word_1_86' title='bbox 1030 1731 1156 1818; x_wconf 87' lang='lat' dir='ltr'>querela</span> <span class='ocrx_word' id='word_1_87' title='bbox 1166 1731 1375 1818; x_wconf 84' lang='lat' dir='ltr'>deponeretur</span> 
     </span>
     <span class='ocr_line' id='line_1_12' title="bbox 174 1835 1374 1924; baseline 0 -24"><span class='ocrx_word' id='word_1_88' title='bbox 174 1836 256 1902; x_wconf 89' lang='lat' dir='ltr'>idem</span> <span class='ocrx_word' id='word_1_89' title='bbox 271 1836 312 1902; x_wconf 97' lang='lat' dir='ltr'>ad</span> <span class='ocrx_word' id='word_1_90' title='bbox 324 1836 456 1902; x_wconf 89' lang='lat' dir='ltr'>domum</span> <span class='ocrx_word' id='word_1_91' title='bbox 473 1837 561 1901; x_wconf 91' lang='lat' dir='ltr'>illius</span> <span class='ocrx_word' id='word_1_92' title='bbox 576 1836 615 1901; x_wconf 92' lang='lat' dir='ltr'>de</span> <span class='ocrx_word' id='word_1_93' title='bbox 630 1860 693 1922; x_wconf 90' lang='lat' dir='ltr'>quo</span> <span class='ocrx_word' id='word_1_94' title='bbox 708 1837 835 1924; x_wconf 87' lang='lat' dir='ltr'>querela</span> <span class='ocrx_word' id='word_1_95' title='bbox 850 1836 953 1922; x_wconf 88' lang='lat' dir='ltr'>posita</span> <span class='ocrx_word' id='word_1_96' title='bbox 970 1836 1073 1901; x_wconf 90' lang='lat' dir='ltr'>fuerat</span> <span class='ocrx_word' id='word_1_97' title='bbox 1084 1858 1191 1900; x_wconf 89' lang='lat' dir='ltr'>coram</span> <span class='ocrx_word' id='word_1_98' title='bbox 1208 1859 1245 1901; x_wconf 88' lang='lat' dir='ltr'>eo</span> <span class='ocrx_word' id='word_1_99' title='bbox 1262 1835 1305 1900; x_wconf 91' lang='lat' dir='ltr'>ad</span> <span class='ocrx_word' id='word_1_100' title='bbox 1321 1835 1374 1900; x_wconf 91' lang='lat' dir='ltr'>hoc</span> 
     </span>
     <span class='ocr_line' id='line_1_13' title="bbox 173 1940 1373 2027; baseline -0.002 -22"><span class='ocrx_word' id='word_1_101' title='bbox 173 1951 209 2006; x_wconf 92' lang='lat' dir='ltr'>ut</span> <span class='ocrx_word' id='word_1_102' title='bbox 223 1941 378 2007; x_wconf 88' lang='lat' dir='ltr'>iustitiam</span> <span class='ocrx_word' id='word_1_103' title='bbox 397 1941 510 2007; x_wconf 86' lang='lat' dir='ltr'>faceret</span> <span class='ocrx_word' id='word_1_104' title='bbox 525 1941 728 2027; x_wconf 83' lang='lat' dir='ltr'>conquerenti</span> <span class='ocrx_word' id='word_1_105' title='bbox 750 1941 888 2018; x_wconf 87' lang='lat' dir='ltr'>accessit,</span> <span class='ocrx_word' id='word_1_106' title='bbox 905 1940 959 2005; x_wconf 92' lang='lat' dir='ltr'>sed</span> <span class='ocrx_word' id='word_1_107' title='bbox 982 1940 1015 2004; x_wconf 91' lang='lat' dir='ltr'>in</span> <span class='ocrx_word' id='word_1_108' title='bbox 1032 1963 1104 2004; x_wconf 90' lang='lat' dir='ltr'>eum</span> <span class='ocrx_word' id='word_1_109' title='bbox 1120 1940 1247 2006; x_wconf 90' lang='lat' dir='ltr'>irruens</span> <span class='ocrx_word' id='word_1_110' title='bbox 1271 1940 1373 2026; x_wconf 90' lang='lat' dir='ltr'>ipsum</span> 
     </span>
     <span class='ocr_line' id='line_1_14' title="bbox 172 2044 1374 2130; baseline -0.002 -21"><span class='ocrx_word' id='word_1_111' title='bbox 172 2047 346 2110; x_wconf 88' lang='lat' dir='ltr'>interficere</span> <span class='ocrx_word' id='word_1_112' title='bbox 355 2046 538 2121; x_wconf 78' lang='lat' dir='ltr'>conabatur,</span> <span class='ocrx_word' id='word_1_113' title='bbox 549 2055 580 2110; x_wconf 91' lang='lat' dir='ltr'>et</span> <span class='ocrx_word' id='word_1_114' title='bbox 591 2044 669 2109; x_wconf 91' lang='lat' dir='ltr'>dum</span> <span class='ocrx_word' id='word_1_115' title='bbox 682 2045 748 2130; x_wconf 91' lang='lat' dir='ltr'>ipse</span> <span class='ocrx_word' id='word_1_116' title='bbox 760 2045 932 2110; x_wconf 86' lang='lat' dir='ltr'>monachus</span> <span class='ocrx_word' id='word_1_117' title='bbox 947 2044 1106 2126; x_wconf 89' lang='lat' dir='ltr'>clamaret,</span> <span class='ocrx_word' id='word_1_118' title='bbox 1118 2053 1153 2109; x_wconf 92' lang='lat' dir='ltr'>ut</span> <span class='ocrx_word' id='word_1_119' title='bbox 1162 2045 1231 2110; x_wconf 90' lang='lat' dir='ltr'>suis</span> <span class='ocrx_word' id='word_1_120' title='bbox 1246 2054 1374 2110; x_wconf 90' lang='lat' dir='ltr'>utamur</span> 
     </span>
     <span class='ocr_line' id='line_1_15' title="bbox 172 2148 1371 2236; baseline -0.001 -23"><span class='ocrx_word' id='word_1_121' title='bbox 172 2150 344 2233; x_wconf 91' lang='lat' dir='ltr'>uocabulis,</span> <span class='ocrx_word' id='word_1_122' title='bbox 360 2151 478 2214; x_wconf 88' lang='lat' dir='ltr'>Tenete</span> <span class='ocrx_word' id='word_1_123' title='bbox 499 2173 571 2214; x_wconf 92' lang='lat' dir='ltr'>eum</span> <span class='ocrx_word' id='word_1_124' title='bbox 587 2151 662 2236; x_wconf 89' lang='lat' dir='ltr'>quia</span> <span class='ocrx_word' id='word_1_125' title='bbox 680 2150 713 2213; x_wconf 91' lang='lat' dir='ltr'>in</span> <span class='ocrx_word' id='word_1_126' title='bbox 731 2173 781 2214; x_wconf 90' lang='lat' dir='ltr'>me</span> <span class='ocrx_word' id='word_1_127' title='bbox 804 2172 916 2214; x_wconf 87' lang='lat' dir='ltr'>manus</span> <span class='ocrx_word' id='word_1_128' title='bbox 939 2149 1045 2213; x_wconf 92' lang='lat' dir='ltr'>iniecit</span> <span class='ocrx_word' id='word_1_129' title='bbox 1060 2149 1227 2233; x_wconf 68' lang='lat' dir='ltr'>uiolentas</span> <span class='ocrx_word' id='word_1_130' title='bbox 1245 2148 1371 2235; x_wconf 91' lang='lat' dir='ltr'>quidam</span> 
     </span>
     <span class='ocr_line' id='line_1_16' title="bbox 172 2252 1373 2340; baseline -0.002 -20"><span class='ocrx_word' id='word_1_131' title='bbox 172 2255 312 2320; x_wconf 87' lang='lat' dir='ltr'>seruiens</span> <span class='ocrx_word' id='word_1_132' title='bbox 339 2255 562 2319; x_wconf 87' lang='lat' dir='ltr'>monachorum</span> <span class='ocrx_word' id='word_1_133' title='bbox 588 2263 625 2319; x_wconf 91' lang='lat' dir='ltr'>ut</span> <span class='ocrx_word' id='word_1_134' title='bbox 651 2254 798 2319; x_wconf 87' lang='lat' dir='ltr'>liberaret</span> <span class='ocrx_word' id='word_1_135' title='bbox 822 2252 967 2336; x_wconf 90' lang='lat' dir='ltr'>eundem,</span> <span class='ocrx_word' id='word_1_136' title='bbox 995 2253 1064 2338; x_wconf 90' lang='lat' dir='ltr'>ipso</span> <span class='ocrx_word' id='word_1_137' title='bbox 1091 2254 1248 2318; x_wconf 82' lang='lat' dir='ltr'>nesciente</span> <span class='ocrx_word' id='word_1_138' title='bbox 1276 2275 1373 2340; x_wconf 86' lang='lat' dir='ltr'>neque</span> 
     </span>
     <span class='ocr_line' id='line_1_17' title="bbox 173 2356 1375 2444; baseline -0.001 -20"><span class='ocrx_word' id='word_1_139' title='bbox 173 2359 308 2441; x_wconf 89' lang='lat' dir='ltr'>uolente,</span> <span class='ocrx_word' id='word_1_140' title='bbox 331 2370 537 2423; x_wconf 88' lang='lat' dir='ltr'>memoratum</span> <span class='ocrx_word' id='word_1_141' title='bbox 563 2381 774 2443; x_wconf 82' lang='lat' dir='ltr'>percussorem</span> <span class='ocrx_word' id='word_1_142' title='bbox 798 2357 920 2423; x_wconf 91' lang='lat' dir='ltr'>occidit.</span> <span class='ocrx_word' id='word_1_143' title='bbox 968 2356 1070 2442; x_wconf 86' lang='lat' dir='ltr'>Super</span> <span class='ocrx_word' id='word_1_144' title='bbox 1092 2380 1156 2443; x_wconf 93' lang='lat' dir='ltr'>quo</span> <span class='ocrx_word' id='word_1_145' title='bbox 1179 2356 1264 2423; x_wconf 91' lang='lat' dir='ltr'>sedis</span> <span class='ocrx_word' id='word_1_146' title='bbox 1287 2380 1375 2444; x_wconf 86' lang='lat' dir='ltr'>apos·</span> 
     </span>
     <span class='ocr_line' id='line_1_18' title="bbox 173 2463 965 2548; baseline -0.003 -20"><span class='ocrx_word' id='word_1_147' title='bbox 173 2463 265 2528; x_wconf 71' lang='lat' dir='ltr'>toliere</span> <span class='ocrx_word' id='word_1_148' title='bbox 280 2464 478 2527; x_wconf 88' lang='lat' dir='ltr'>clementiam</span> <span class='ocrx_word' id='word_1_149' title='bbox 494 2463 575 2528; x_wconf 88' lang='lat' dir='ltr'>adiit</span> <span class='ocrx_word' id='word_1_150' title='bbox 589 2474 645 2528; x_wconf 90' lang='lat' dir='ltr'>ete.</span> <span class='ocrx_word' id='word_1_151' title='bbox 662 2486 761 2548; x_wconf 90' lang='lat' dir='ltr'>usque</span> <span class='ocrx_word' id='word_1_152' title='bbox 777 2486 839 2527; x_wconf 94' lang='lat' dir='ltr'>non</span> <span class='ocrx_word' id='word_1_153' title='bbox 857 2463 965 2526; x_wconf 85' lang='lat' dir='ltr'>teucri.</span> 
     </span>
    </p>
   </div>
   <div class='ocr_carea' id='block_1_5' title="bbox 634 2689 919 2773">
    <p class='ocr_par' dir='ltr' id='par_1_5' title="bbox 634 2689 919 2773">
     <span class='ocr_line' id='line_1_19' title="bbox 634 2689 919 2773; baseline 0 -22"><span class='ocrx_word' id='word_1_154' title='bbox 634 2707 681 2751; x_wconf 80' lang='lat' dir='ltr'>nn</span> <span class='ocrx_word' id='word_1_155' title='bbox 706 2707 836 2752; x_wconf 77' lang='lat' dir='ltr'>uonnu.</span> <span class='ocrx_word' id='word_1_156' title='bbox 862 2689 919 2773; x_wconf 79' lang='lat'>(4).</span> 
     </span>
    </p>
   </div>
   <div class='ocr_carea' id='block_1_6' title="bbox 172 2861 1375 3992">
    <p class='ocr_par' dir='ltr' id='par_1_6' title="bbox 172 2861 1375 3992">
     <span class='ocr_line' id='line_1_20' title="bbox 218 2861 1374 2948; baseline 0.001 -22"><span class='ocrx_word' id='word_1_157' title='bbox 218 2863 339 2927; x_wconf 84' lang='lat' dir='ltr'>Abbati</span> <span class='ocrx_word' id='word_1_158' title='bbox 372 2901 506 2926; x_wconf 90' lang='lat'>—.</span> <span class='ocrx_word' id='word_1_159' title='bbox 565 2861 603 2928; x_wconf 91' lang='lat' dir='ltr'>L.</span> <span class='ocrx_word' id='word_1_160' title='bbox 624 2863 768 2928; x_wconf 89' lang='lat' dir='ltr'>monachi</span> <span class='ocrx_word' id='word_1_161' title='bbox 792 2863 889 2927; x_wconf 90' lang='lat' dir='ltr'>uestri</span> <span class='ocrx_word' id='word_1_162' title='bbox 912 2862 1022 2927; x_wconf 90' lang='lat' dir='ltr'>latoris</span> <span class='ocrx_word' id='word_1_163' title='bbox 1045 2863 1239 2948; x_wconf 90' lang='lat' dir='ltr'>presentium</span> <span class='ocrx_word' id='word_1_164' title='bbox 1265 2863 1374 2948; x_wconf 87' lang='lat' dir='ltr'>petitio</span> 
     </span>
     <span class='ocr_line' id='line_1_21' title="bbox 172 2966 1374 3053; baseline -0.002 -21"><span class='ocrx_word' id='word_1_165' title='bbox 172 2968 352 3032; x_wconf 87' lang='lat' dir='ltr'>continebat</span> <span class='ocrx_word' id='word_1_166' title='bbox 367 2967 451 3053; x_wconf 91' lang='lat' dir='ltr'>quod</span> <span class='ocrx_word' id='word_1_167' title='bbox 475 2990 547 3031; x_wconf 90' lang='lat' dir='ltr'>cum</span> <span class='ocrx_word' id='word_1_168' title='bbox 563 2966 694 3053; x_wconf 89' lang='lat' dir='ltr'>quidam</span> <span class='ocrx_word' id='word_1_169' title='bbox 711 2967 764 3031; x_wconf 88' lang='lat' dir='ltr'>fur</span> <span class='ocrx_word' id='word_1_170' title='bbox 779 2968 972 3052; x_wconf 88' lang='lat' dir='ltr'>subripuerit</span> <span class='ocrx_word' id='word_1_171' title='bbox 987 2967 1082 3032; x_wconf 90' lang='lat' dir='ltr'>bones</span> <span class='ocrx_word' id='word_1_172' title='bbox 1101 2989 1174 3032; x_wconf 90' lang='lat' dir='ltr'>suos</span> <span class='ocrx_word' id='word_1_173' title='bbox 1198 2966 1276 3053; x_wconf 78' lang='lat' dir='ltr'>[cic]</span> <span class='ocrx_word' id='word_1_174' title='bbox 1299 2966 1374 3031; x_wconf 92' lang='lat' dir='ltr'>dum</span> 
     </span>
     <span class='ocr_line' id='line_1_22' title="bbox 173 3071 1375 3158; baseline -0.002 -21"><span class='ocrx_word' id='word_1_175' title='bbox 173 3072 277 3137; x_wconf 86' lang='lat' dir='ltr'>adhuc</span> <span class='ocrx_word' id='word_1_176' title='bbox 287 3072 382 3137; x_wconf 91' lang='lat' dir='ltr'>seculi</span> <span class='ocrx_word' id='word_1_177' title='bbox 393 3072 775 3158; x_wconf 87' lang='lat' dir='ltr'>anplectereturaffectum</span> <span class='ocrx_word' id='word_1_178' title='bbox 784 3082 815 3136; x_wconf 92' lang='lat' dir='ltr'>et</span> <span class='ocrx_word' id='word_1_179' title='bbox 825 3072 891 3157; x_wconf 91' lang='lat' dir='ltr'>ipse</span> <span class='ocrx_word' id='word_1_180' title='bbox 900 3071 939 3135; x_wconf 89' lang='lat' dir='ltr'>ad</span> <span class='ocrx_word' id='word_1_181' title='bbox 950 3072 1105 3136; x_wconf 88' lang='lat' dir='ltr'>auxilium</span> <span class='ocrx_word' id='word_1_182' title='bbox 1117 3072 1339 3136; x_wconf 83' lang='lat' dir='ltr'>conuocauerit</span> <span class='ocrx_word' id='word_1_183' title='bbox 1347 3080 1375 3135; x_wconf 93' lang='lat' dir='ltr'>et</span> 
     </span>
     <span class='ocr_line' id='line_1_23' title="bbox 174 3175 1371 3262; baseline -0.002 -21"><span class='ocrx_word' id='word_1_184' title='bbox 174 3177 295 3242; x_wconf 90' lang='lat' dir='ltr'>uicinos</span> <span class='ocrx_word' id='word_1_185' title='bbox 307 3186 343 3242; x_wconf 91' lang='lat' dir='ltr'>ut</span> <span class='ocrx_word' id='word_1_186' title='bbox 354 3176 440 3262; x_wconf 90' lang='lat' dir='ltr'>quod</span> <span class='ocrx_word' id='word_1_187' title='bbox 455 3176 540 3241; x_wconf 91' lang='lat' dir='ltr'>solus</span> <span class='ocrx_word' id='word_1_188' title='bbox 552 3200 616 3242; x_wconf 91' lang='lat' dir='ltr'>non</span> <span class='ocrx_word' id='word_1_189' title='bbox 628 3186 750 3262; x_wconf 87' lang='lat' dir='ltr'>poterat</span> <span class='ocrx_word' id='word_1_190' title='bbox 763 3176 981 3261; x_wconf 89' lang='lat' dir='ltr'>multiplicatis</span> <span class='ocrx_word' id='word_1_191' title='bbox 993 3175 1192 3241; x_wconf 89' lang='lat' dir='ltr'>adiutoribus</span> <span class='ocrx_word' id='word_1_192' title='bbox 1205 3176 1371 3256; x_wconf 88' lang='lat' dir='ltr'>obtineret,</span> 
     </span>
     <span class='ocr_line' id='line_1_24' title="bbox 175 3278 1372 3366; baseline -0.001 -21"><span class='ocrx_word' id='word_1_193' title='bbox 175 3282 313 3347; x_wconf 89' lang='lat' dir='ltr'>retractis</span> <span class='ocrx_word' id='word_1_194' title='bbox 328 3305 347 3346; x_wconf 84' lang='lat' dir='ltr'>a</span> <span class='ocrx_word' id='word_1_195' title='bbox 363 3282 432 3346; x_wconf 88' lang='lat' dir='ltr'>fure</span> <span class='ocrx_word' id='word_1_196' title='bbox 446 3281 625 3364; x_wconf 84' lang='lat' dir='ltr'>subtractis,</span> <span class='ocrx_word' id='word_1_197' title='bbox 638 3282 861 3366; x_wconf 88' lang='lat' dir='ltr'>protestatione</span> <span class='ocrx_word' id='word_1_198' title='bbox 876 3281 1029 3365; x_wconf 87' lang='lat' dir='ltr'>premissa</span> <span class='ocrx_word' id='word_1_199' title='bbox 1044 3280 1273 3346; x_wconf 84' lang='lat' dir='ltr'>comitantibus</span> <span class='ocrx_word' id='word_1_200' title='bbox 1289 3278 1372 3366; x_wconf 90' lang='lat' dir='ltr'>quod</span> 
     </span>
     <span class='ocr_line' id='line_1_25' title="bbox 173 3382 1374 3472; baseline -0.002 -22"><span class='ocrx_word' id='word_1_201' title='bbox 173 3387 365 3472; x_wconf 86' lang='lat' dir='ltr'>recuperatis</span> <span class='ocrx_word' id='word_1_202' title='bbox 381 3386 446 3450; x_wconf 88' lang='lat' dir='ltr'>suis</span> <span class='ocrx_word' id='word_1_203' title='bbox 462 3384 549 3449; x_wconf 92' lang='lat' dir='ltr'>aliud</span> <span class='ocrx_word' id='word_1_204' title='bbox 566 3408 630 3450; x_wconf 90' lang='lat' dir='ltr'>non</span> <span class='ocrx_word' id='word_1_205' title='bbox 648 3393 889 3470; x_wconf 86' lang='lat' dir='ltr'>prosequeretur</span> <span class='ocrx_word' id='word_1_206' title='bbox 905 3386 937 3448; x_wconf 91' lang='lat' dir='ltr'>in</span> <span class='ocrx_word' id='word_1_207' title='bbox 954 3408 1099 3471; x_wconf 91' lang='lat' dir='ltr'>ecquem</span> <span class='ocrx_word' id='word_1_208' title='bbox 1116 3384 1318 3470; x_wconf 87' lang='lat' dir='ltr'>sequebatur,</span> <span class='ocrx_word' id='word_1_209' title='bbox 1335 3382 1374 3448; x_wconf 90' lang='lat' dir='ltr'>ad</span> 
     </span>
     <span class='ocr_line' id='line_1_26' title="bbox 173 3489 1375 3577; baseline -0.002 -23"><span class='ocrx_word' id='word_1_210' title='bbox 173 3491 303 3577; x_wconf 89' lang='lat' dir='ltr'>propria</span> <span class='ocrx_word' id='word_1_211' title='bbox 314 3489 418 3573; x_wconf 89' lang='lat' dir='ltr'>rediit,</span> <span class='ocrx_word' id='word_1_212' title='bbox 430 3490 499 3554; x_wconf 87' lang='lat' dir='ltr'>fure</span> <span class='ocrx_word' id='word_1_213' title='bbox 515 3491 577 3553; x_wconf 89' lang='lat' dir='ltr'>iam</span> <span class='ocrx_word' id='word_1_214' title='bbox 590 3489 674 3554; x_wconf 90' lang='lat' dir='ltr'>dicto</span> <span class='ocrx_word' id='word_1_215' title='bbox 687 3490 839 3554; x_wconf 91' lang='lat' dir='ltr'>sotiorum</span> <span class='ocrx_word' id='word_1_216' title='bbox 851 3491 1066 3575; x_wconf 90' lang='lat' dir='ltr'>persecutione</span> <span class='ocrx_word' id='word_1_217' title='bbox 1081 3498 1255 3575; x_wconf 84' lang='lat' dir='ltr'>perempto.</span> <span class='ocrx_word' id='word_1_218' title='bbox 1290 3489 1375 3567; x_wconf 80' lang='lat' dir='ltr'>Quia</span> 
     </span>
     <span class='ocr_line' id='line_1_27' title="bbox 175 3593 1374 3680; baseline -0.001 -23"><span class='ocrx_word' id='word_1_219' title='bbox 175 3618 248 3659; x_wconf 92' lang='lat' dir='ltr'>uero</span> <span class='ocrx_word' id='word_1_220' title='bbox 274 3595 365 3659; x_wconf 93' lang='lat' dir='ltr'>nobis</span> <span class='ocrx_word' id='word_1_221' title='bbox 391 3618 455 3659; x_wconf 92' lang='lat' dir='ltr'>non</span> <span class='ocrx_word' id='word_1_222' title='bbox 480 3594 621 3659; x_wconf 89' lang='lat' dir='ltr'>constitit</span> <span class='ocrx_word' id='word_1_223' title='bbox 643 3593 682 3658; x_wconf 82' lang='lat' dir='ltr'>(le</span> <span class='ocrx_word' id='word_1_224' title='bbox 708 3593 868 3678; x_wconf 89' lang='lat' dir='ltr'>premissis</span> <span class='ocrx_word' id='word_1_225' title='bbox 892 3593 1164 3680; x_wconf 89' lang='lat' dir='ltr'>circumspectioni</span> <span class='ocrx_word' id='word_1_226' title='bbox 1190 3603 1295 3657; x_wconf 90' lang='lat' dir='ltr'>uestre</span> <span class='ocrx_word' id='word_1_227' title='bbox 1320 3603 1374 3658; x_wconf 90' lang='lat' dir='ltr'>etc.</span> 
     </span>
     <span class='ocr_line' id='line_1_28' title="bbox 173 3696 1375 3785; baseline -0.002 -22"><span class='ocrx_word' id='word_1_228' title='bbox 173 3709 329 3785; x_wconf 88' lang='lat' dir='ltr'>quatenus</span> <span class='ocrx_word' id='word_1_229' title='bbox 360 3699 385 3763; x_wconf 90' lang='lat' dir='ltr'>si</span> <span class='ocrx_word' id='word_1_230' title='bbox 417 3699 579 3784; x_wconf 87' lang='lat' dir='ltr'>premissis</span> <span class='ocrx_word' id='word_1_231' title='bbox 610 3700 725 3763; x_wconf 87' lang='lat' dir='ltr'>ueritas</span> <span class='ocrx_word' id='word_1_232' title='bbox 756 3698 983 3783; x_wconf 79' lang='lat' dir='ltr'>suffragabitur</span> <span class='ocrx_word' id='word_1_233' title='bbox 1009 3696 1160 3783; x_wconf 86' lang='lat' dir='ltr'>aliudque</span> <span class='ocrx_word' id='word_1_234' title='bbox 1189 3699 1375 3763; x_wconf 87' lang='lat' dir='ltr'>canonicum</span> 
     </span>
     <span class='ocr_line' id='line_1_29' title="bbox 175 3800 1373 3889; baseline -0.002 -23"><span class='ocrx_word' id='word_1_235' title='bbox 175 3826 236 3867; x_wconf 90' lang='lat' dir='ltr'>non</span> <span class='ocrx_word' id='word_1_236' title='bbox 254 3803 385 3868; x_wconf 88' lang='lat' dir='ltr'>obsistat</span> <span class='ocrx_word' id='word_1_237' title='bbox 400 3827 440 3867; x_wconf 85' lang='lat' dir='ltr'>ex</span> <span class='ocrx_word' id='word_1_238' title='bbox 465 3803 525 3867; x_wconf 84' lang='lat' dir='ltr'>hiis</span> <span class='ocrx_word' id='word_1_239' title='bbox 549 3826 609 3888; x_wconf 92' lang='lat' dir='ltr'>que</span> <span class='ocrx_word' id='word_1_240' title='bbox 632 3802 827 3889; x_wconf 87' lang='lat' dir='ltr'>precedentia</span> <span class='ocrx_word' id='word_1_241' title='bbox 844 3803 1007 3867; x_wconf 90' lang='lat' dir='ltr'>continent</span> <span class='ocrx_word' id='word_1_242' title='bbox 1022 3800 1218 3866; x_wconf 88' lang='lat' dir='ltr'>denuncietis</span> <span class='ocrx_word' id='word_1_243' title='bbox 1241 3801 1373 3866; x_wconf 89' lang='lat' dir='ltr'>eundem</span> 
     </span>
     <span class='ocr_line' id='line_1_30' title="bbox 174 3886 1330 3992; baseline -0.001 -22"><span class='ocrx_word' id='word_1_244' title='bbox 174 3907 363 3971; x_wconf 89' lang='lat' dir='ltr'>monachum</span> <span class='ocrx_word' id='word_1_245' title='bbox 380 3907 623 3992; x_wconf 82' lang='lat' dir='ltr'>irregularitatis</span> <span class='ocrx_word' id='word_1_246' title='bbox 640 3907 761 3970; x_wconf 87' lang='lat' dir='ltr'>macula</span> <span class='ocrx_word' id='word_1_247' title='bbox 778 3930 841 3970; x_wconf 91' lang='lat' dir='ltr'>non</span> <span class='ocrx_word' id='word_1_248' title='bbox 858 3929 1046 3992; x_wconf 85' lang='lat' dir='ltr'>respersum.</span> <span class='ocrx_word' id='word_1_249' title='bbox 1324 3886 1330 3900; x_wconf 52' lang='grc'><em>’</em></span> 
     </span>
    </p>
   </div>
   <div class='ocr_carea' id='block_1_7' title="bbox 635 4115 919 4200">
    <p class='ocr_par' dir='ltr' id='par_1_7' title="bbox 635 4115 919 4200">
     <span class='ocr_line' id='line_1_31' title="bbox 635 4115 919 4200; baseline -0.007 -22"><span class='ocrx_word' id='word_1_250' title='bbox 635 4135 683 4178; x_wconf 82' lang='lat' dir='ltr'>nn</span> <span class='ocrx_word' id='word_1_251' title='bbox 706 4135 837 4179; x_wconf 73' lang='lat' dir='ltr'>nonan.</span> <span class='ocrx_word' id='word_1_252' title='bbox 863 4115 919 4200; x_wconf 76' lang='lat'>(5).</span> 
     </span>
    </p>
   </div>
   <div class='ocr_carea' id='block_1_8' title="bbox 172 4289 1374 4690">
    <p class='ocr_par' dir='ltr' id='par_1_8' title="bbox 172 4289 1374 4690">
     <span class='ocr_line' id='line_1_32' title="bbox 218 4289 1373 4377; baseline -0.003 -21"><span class='ocrx_word' id='word_1_253' title='bbox 218 4292 377 4377; x_wconf 88' lang='lat' dir='ltr'>Episcopo</span> <span class='ocrx_word' id='word_1_254' title='bbox 392 4329 532 4356; x_wconf 92' lang='lat'>--.</span> <span class='ocrx_word' id='word_1_255' title='bbox 579 4290 619 4354; x_wconf 80' lang='lat' dir='ltr'>R.</span> <span class='ocrx_word' id='word_1_256' title='bbox 631 4290 784 4376; x_wconf 88' lang='lat' dir='ltr'>presbiter</span> <span class='ocrx_word' id='word_1_257' title='bbox 796 4290 961 4375; x_wconf 88' lang='lat' dir='ltr'>proposuit</span> <span class='ocrx_word' id='word_1_258' title='bbox 972 4313 1077 4355; x_wconf 90' lang='lat' dir='ltr'>eoram</span> <span class='ocrx_word' id='word_1_259' title='bbox 1094 4289 1183 4355; x_wconf 90' lang='lat' dir='ltr'>nobis</span> <span class='ocrx_word' id='word_1_260' title='bbox 1200 4290 1288 4376; x_wconf 90' lang='lat' dir='ltr'>quod</span> <span class='ocrx_word' id='word_1_261' title='bbox 1303 4312 1373 4354; x_wconf 91' lang='lat' dir='ltr'>cum</span> 
     </span>
     <span class='ocr_line' id='line_1_33' title="bbox 173 4394 1373 4481; baseline -0.002 -22"><span class='ocrx_word' id='word_1_262' title='bbox 173 4396 284 4460; x_wconf 86' lang='lat' dir='ltr'>fratres</span> <span class='ocrx_word' id='word_1_263' title='bbox 307 4418 381 4460; x_wconf 88' lang='lat' dir='ltr'>suos</span> <span class='ocrx_word' id='word_1_264' title='bbox 403 4404 602 4481; x_wconf 87' lang='lat' dir='ltr'>prouocasset</span> <span class='ocrx_word' id='word_1_265' title='bbox 617 4395 650 4458; x_wconf 92' lang='lat' dir='ltr'>iu</span> <span class='ocrx_word' id='word_1_266' title='bbox 667 4394 835 4479; x_wconf 85' lang='lat' dir='ltr'>quemdam</span> <span class='ocrx_word' id='word_1_267' title='bbox 852 4395 908 4479; x_wconf 94' lang='lat' dir='ltr'>qui</span> <span class='ocrx_word' id='word_1_268' title='bbox 930 4394 991 4458; x_wconf 90' lang='lat' dir='ltr'>sibi</span> <span class='ocrx_word' id='word_1_269' title='bbox 1015 4394 1147 4458; x_wconf 85' lang='lat' dir='ltr'>iniurias</span> <span class='ocrx_word' id='word_1_270' title='bbox 1168 4394 1373 4480; x_wconf 86' lang='lat' dir='ltr'>irrogauerat,</span> 
     </span>
     <span class='ocr_line' id='line_1_34' title="bbox 173 4497 1374 4584; baseline -0.003 -19"><span class='ocrx_word' id='word_1_271' title='bbox 173 4510 203 4565; x_wconf 87' lang='lat' dir='ltr'>et</span> <span class='ocrx_word' id='word_1_272' title='bbox 215 4500 310 4565; x_wconf 90' lang='lat' dir='ltr'>iidem</span> <span class='ocrx_word' id='word_1_273' title='bbox 327 4500 439 4565; x_wconf 90' lang='lat' dir='ltr'>fratres</span> <span class='ocrx_word' id='word_1_274' title='bbox 454 4498 585 4564; x_wconf 90' lang='lat' dir='ltr'>domum</span> <span class='ocrx_word' id='word_1_275' title='bbox 602 4499 783 4563; x_wconf 87' lang='lat' dir='ltr'>iniuriantis</span> <span class='ocrx_word' id='word_1_276' title='bbox 798 4498 935 4562; x_wconf 90' lang='lat' dir='ltr'>adierint</span> <span class='ocrx_word' id='word_1_277' title='bbox 951 4507 986 4563; x_wconf 88' lang='lat' dir='ltr'>ut</span> <span class='ocrx_word' id='word_1_278' title='bbox 1001 4499 1101 4584; x_wconf 91' lang='lat' dir='ltr'>ipsius</span> <span class='ocrx_word' id='word_1_279' title='bbox 1117 4498 1250 4563; x_wconf 90' lang='lat' dir='ltr'>iniurias</span> <span class='ocrx_word' id='word_1_280' title='bbox 1267 4497 1374 4563; x_wconf 89' lang='lat' dir='ltr'>uindi-</span> 
     </span>
     <span class='ocr_line' id='line_1_35' title="bbox 172 4602 1373 4690; baseline -0.002 -22"><span class='ocrx_word' id='word_1_281' title='bbox 172 4614 287 4687; x_wconf 85' lang='lat' dir='ltr'>carent,</span> <span class='ocrx_word' id='word_1_282' title='bbox 299 4604 382 4670; x_wconf 89' lang='lat' dir='ltr'>idem</span> <span class='ocrx_word' id='word_1_283' title='bbox 392 4603 546 4690; x_wconf 89' lang='lat' dir='ltr'>presbiter</span> <span class='ocrx_word' id='word_1_284' title='bbox 556 4604 786 4689; x_wconf 84' lang='lat' dir='ltr'>prouocationis</span> <span class='ocrx_word' id='word_1_285' title='bbox 800 4602 980 4668; x_wconf 89' lang='lat' dir='ltr'>huiusmodi</span> <span class='ocrx_word' id='word_1_286' title='bbox 993 4603 1136 4689; x_wconf 90' lang='lat' dir='ltr'>penitens</span> <span class='ocrx_word' id='word_1_287' title='bbox 1148 4610 1222 4666; x_wconf 83' lang='lat' dir='ltr'>ante</span> <span class='ocrx_word' id='word_1_288' title='bbox 1235 4602 1373 4668; x_wconf 90' lang='lat' dir='ltr'>hostium</span> 
     </span>
    </p>
   </div>
   <div class='ocr_carea' id='block_1_9' title="bbox 0 0 1557 5476">
    <p class='ocr_par' dir='ltr' id='par_1_9' title="bbox 0 0 1557 5476">
     <span class='ocr_line' id='line_1_36' title="bbox 0 0 1557 5476; baseline 0 0"><span class='ocrx_word' id='word_1_289' title='bbox 0 0 1557 5476; x_wconf 95' lang='lat' dir='ltr'> </span> 
     </span>
    </p>
   </div>
  </div>
 </body>
</html>
