3098 5476
171 537 234 600 128
491 552 637 602 cxxrv.
667 554 717 600 nu
747 551 1041 601 utraruouro.

169 710 210 776 ad
224 720 338 775 etatem
353 713 498 796 peruenit
509 711 684 796 legitimam
697 711 835 776 nobilem
850 710 1017 775 mulierem
1032 710 1071 774 B.
1083 711 1212 774 numine
1227 710 1260 773 in
1277 710 1378 776 tertio

169 815 451 900 consanguinitatis
476 815 576 900 gradu
603 814 704 880 eidem
733 814 837 900 puelle
863 815 1061 893 attinentem,
1085 813 1119 878 in
1142 814 1222 878 facie
1245 814 1378 878 ecclesie

170 919 231 984 sibi
257 919 533 983 matrimonialiter
558 919 720 1004 copulanit
746 928 777 983 et
802 917 925 1004 prolem
951 919 1087 1004 suscepit
1110 940 1150 982 ex
1174 941 1219 982 ea.
1267 917 1378 1003 Super

170 1046 233 1109 quo
253 1024 420 1109 apostolice
441 1022 524 1088 sedis
546 1022 719 1087 remedium
736 1023 930 1108 implorauit.
976 1021 1043 1087 Nos
1065 1033 1171 1086 autem
1187 1031 1243 1087 etc.
1260 1032 1378 1107 quate-

171 1151 232 1192 nus
246 1128 273 1192 si
288 1138 334 1193 est
350 1128 393 1191 ita
408 1135 439 1191 et
453 1126 542 1191 aliud
556 1126 741 1191 canonicum
757 1150 822 1192 non
837 1126 969 1192 obsistat
985 1125 1123 1212 prefatos
1138 1123 1183 1191 H.
1197 1134 1227 1191 et
1244 1126 1284 1193 R.
1301 1125 1377 1212 [Β.]

171 1232 339 1296 dimittatis
354 1231 386 1294 in
401 1253 461 1296 usu
477 1230 590 1317 copule
604 1229 649 1295 sic
665 1241 835 1296 contracte.

548 1445 552 1452 '
628 1457 677 1503 nn
699 1457 831 1503 nonan.
856 1440 915 1526 (2).

217 1617 375 1702 Episcopo
391 1652 532 1679 -—.
579 1615 688 1679 Habet
710 1614 821 1679 relatio
842 1615 1186 1701 —presentium
1209 1617 1380 1702 portitoris

172 1720 257 1807 quod
274 1743 346 1784 cum
358 1720 435 1784 olim
446 1720 528 1784 inter
539 1720 645 1805 ipsum
656 1728 687 1783 et
698 1718 860 1805 quandam
871 1719 1013 1804 puellam
1028 1719 1068 1784 de
1079 1720 1246 1785 uoluntate
1261 1744 1378 1806 paren-

172 1835 242 1890 tum
257 1824 296 1889 de
318 1825 400 1890 facto
422 1824 553 1889 fuissent
568 1833 726 1888 contracta
749 1825 917 1909 sponsalia,
934 1823 1041 1909 puella
1063 1824 1148 1888 infra
1171 1826 1377 1911 septennium

173 1940 204 1995 et
219 1930 287 2015 ipso
303 1929 387 1993 infra
402 1928 575 2014 pubertatis
597 1937 740 2013 tempora
762 1928 925 1993 existente.
971 1928 1116 1993 Tandem
1130 1938 1303 2015 antequam
1320 1929 1379 1995 illa

172 2033 211 2099 ad
228 2055 347 2097 annum
363 2032 582 2098 duodecimum
599 2033 793 2118 peruenisset
809 2041 840 2096 et
854 2055 1000 2119 expresse
1015 2033 1204 2098 consentiret
1220 2033 1253 2096 in
1269 2033 1375 2115 illum,

172 2136 428 2203 dissentientibus
448 2137 531 2201 uotis
548 2135 590 2199 ab
605 2135 740 2199 inuicem
755 2135 963 2218 diuerterunt,
979 2148 1011 2201 et
1025 2135 1166 2222 predicto
1182 2137 1215 2200 in
1232 2161 1376 2223 quorun-

173 2242 248 2307 dam
262 2241 409 2306 manibus
431 2241 634 2326 promittente
656 2263 688 2304 se
711 2240 873 2325 religionis
897 2240 1043 2305 habitum
1065 2252 1287 2327 suscepturum
1306 2266 1377 2328 pre-

172 2346 256 2411 dicta
271 2345 377 2432 puella
394 2344 435 2409 ad
457 2344 587 2409 alterius
610 2344 737 2429 nuptias
756 2356 791 2408 ut
806 2343 923 2408 dicitur
938 2345 1129 2412 conuolauit.
1174 2346 1245 2411 Nos
1267 2358 1375 2412 autem

172 2460 228 2516 eto.
244 2460 400 2537 quatenus
421 2449 448 2513 si
470 2458 516 2513 est
536 2449 580 2513 ita
602 2460 633 2512 et
647 2447 736 2512 aliud
759 2471 823 2512 non
840 2449 980 2532 obsistat,
997 2459 1028 2513 et
1043 2449 1131 2513 illam
1149 2450 1183 2513 in
1199 2450 1316 2536 copula
1332 2453 1377 2515 sio

172 2565 331 2631 contracta
346 2563 376 2618 et
391 2553 486 2617 istum
504 2553 536 2616 in
552 2562 701 2638 concepto
717 2553 880 2638 proposito
895 2553 1088 2618 continentie
1102 2552 1283 2620 dimittatis.

685 2867 860 2933 CXXIV.

254 3060 311 3123 Dn
335 3059 572 3123 Maranrouro
596 3059 807 3124 Oouraucro
830 3077 913 3123 Posr
935 3060 1071 3127 Vorurr
1095 3060 1300 3128 &taurum

217 3234 463 3320 Archiepiscopo
485 3234 676 3299 Arelatensi.
721 3271 853 3283 --
875 3234 972 3298 latrix
993 3236 1187 3320 presentium
1211 3239 1378 3324 proposuit

173 3362 279 3405 coram
294 3339 384 3404 nobis
407 3338 492 3424 quod
514 3361 587 3402 cum
602 3338 679 3402 olim
694 3360 767 3402 cum
782 3337 920 3424 quodam
935 3361 992 3423 per
1008 3340 1104 3403 uerba
1119 3349 1321 3406 contraxerat
1337 3341 1376 3406 de

173 3444 320 3529 presenti,
329 3443 447 3507 carnali
460 3443 573 3528 copula
584 3443 758 3525 subsecuta,
770 3442 824 3507 ille
838 3442 878 3506 ad
894 3441 1026 3506 domum
1039 3444 1149 3529 templi
1166 3467 1199 3509 se
1210 3446 1375 3510 transtulit

171 3548 289 3613 ibidem
305 3571 338 3612 se
352 3547 481 3613 uinculo
496 3547 699 3633 professionis
714 3547 891 3632 astringens
906 3559 936 3610 et
953 3547 1020 3633 ipsa
1036 3548 1069 3610 in
1087 3548 1235 3613 manibus
1258 3551 1373 3615 uestris

174 3653 351 3717 iuramento
367 3651 513 3738 promisit
527 3675 559 3716 se
573 3650 614 3716 ad
629 3651 813 3737 religionem
829 3651 970 3737 aliquam
985 3653 1201 3718 transituram.
1248 3655 1375 3722 Verum

173 3781 244 3822 cum
258 3767 333 3821 tunc
348 3755 549 3819 undecimum
565 3756 657 3820 etatis
673 3779 734 3820 non
747 3756 903 3841 peregerit
914 3779 1034 3819 annum
1050 3756 1131 3820 etde
1147 3757 1376 3824 incontinentis

175 3860 304 3926 stimulo
327 3859 510 3924 formidaret
532 3859 573 3924 ad
596 3859 717 3924 nullius
739 3859 900 3946 religionis
922 3882 954 3923 se
976 3859 1139 3924 transtulit
1159 3860 1306 3925 habitum
1323 3862 1375 3928 sed

176 3967 210 4029 in
233 3964 336 4029 seculo
359 3986 532 4046 remanens,
556 3965 660 4050 primo
687 3973 868 4050 premortuo
891 3964 1050 4028 contraxit
1071 3964 1276 4050 postmodum
1304 3988 1377 4029 oum

176 4067 311 4135 secundo
327 4077 358 4133 et
372 4068 589 4133 commistione
610 4078 721 4132 mutua
737 4068 810 4132 facti
834 4077 988 4132 suntuna
1010 4091 1091 4133 carc.
1139 4068 1288 4133 Ceterum
1304 4093 1376 4134 cum

175 4196 270 4259 super
293 4172 351 4237 hoc
376 4193 506 4237 manum
529 4182 666 4237 uestram
690 4172 749 4236 sibi
773 4159 902 4257 grauem
927 4182 957 4237 et
979 4171 1140 4236 difficilem
1163 4174 1279 4240 sentiat
1296 4177 1377 4240 sicut

176 4277 262 4360 dicit,
278 4275 382 4342 sedem
405 4276 607 4362 apostolicam
630 4275 710 4340 adiit
724 4277 892 4340 consilium
908 4275 1074 4362 postulans
1096 4276 1243 4344 salutare.
1289 4280 1375 4359 Quia

175 4405 250 4447 uero
268 4381 307 4446 de
330 4381 411 4446 facto
434 4392 489 4446 etc.
504 4402 603 4466 usque
625 4380 856 4463 remittendam,
872 4380 912 4445 de
934 4381 1060 4467 speciali
1086 4381 1236 4448 mandato
1251 4382 1374 4449 domini

177 4509 257 4573 pape
284 4496 385 4550 uestro
414 4483 612 4570 prouidentie
637 4486 867 4550 committentes
896 4495 1052 4571 quatenus
1082 4487 1109 4550 si
1135 4485 1220 4551 dicta
1245 4489 1376 4553 ueritate

177 4591 322 4655 nitantur
349 4590 513 4654 mulierem
540 4589 731 4675 permittatis
757 4589 889 4654 candem
916 4591 950 4653 in
978 4589 1162 4655 huiusmodi
1189 4593 1304 4678 copula
1330 4616 1375 4658 re-

177 4718 303 4760 manere
325 4694 465 4759 iniuncta
488 4694 515 4759 ei
538 4693 578 4759 de
600 4694 739 4779 periurio
761 4694 935 4778 penitentia
956 4694 1157 4781 competenti.
