3098 5476
631 496 1099 547 LXVIII.-LXIX.-LXX.

777 759 955 829 LXVIII.

438 937 495 1000 Da
518 936 701 1002 Mouncno
724 937 949 1000 arpennum:
971 953 1020 999 nn
1043 935 1193 999 Ananrn
1215 952 1290 1000 suc.

309 1111 431 1175 Abbati
460 1111 559 1176 sancti
591 1111 738 1196 Gregorii
764 1110 804 1175 de
825 1111 985 1191 Venetiis,
1009 1109 1131 1175 ordinis
1160 1109 1260 1174 sancti
1287 1108 1474 1174 Benedicti,

264 1212 304 1279 P.
334 1214 521 1279 monachum
548 1227 687 1281 uestrum
715 1215 847 1279 latorem
877 1215 1070 1299 presentium
1100 1236 1195 1300 quem
1224 1223 1298 1299 post
1323 1212 1475 1299 appella-

264 1318 381 1383 tionem
412 1318 453 1383 ad
489 1318 593 1383 sedem
632 1319 837 1404 apostolicam
874 1318 1069 1383 interiectam
1099 1316 1405 1383 excommunicastis
1439 1328 1475 1381 ut

264 1423 374 1487 asserit
403 1445 461 1509 pro
497 1446 533 1488 eo
570 1422 655 1509 quod
692 1422 844 1509 quasdam
878 1423 1095 1489 obseruantias
1128 1423 1287 1486 iniunctas
1326 1444 1347 1485 a
1379 1420 1477 1486 uobis

263 1535 368 1611 preter
394 1527 514 1592 ordinis
541 1527 686 1592 instituta
711 1549 835 1591 seruare
861 1526 996 1609 nolebat,
1024 1527 1210 1592 auctoritate
1240 1524 1362 1590 summi
1394 1548 1475 1610 pon-

264 1630 357 1695 tificis
379 1629 420 1695 ad
444 1654 499 1696 uos
522 1630 674 1697 duximus
697 1630 921 1696 remittendum
944 1640 981 1696 ut
1003 1631 1109 1717 ipsum
1131 1629 1305 1695 secundum
1331 1628 1474 1695 formam

263 1734 389 1800 ecclesie
411 1735 568 1818 relaxetis
590 1736 691 1800 acturi
714 1734 958 1800 misericorditer
980 1758 1053 1800 cum
1076 1734 1196 1800 eodem.

800 2030 934 2098 LXIX.

332 2184 389 2249 Da
412 2187 611 2251 Aannrrssn
635 2206 707 2263 Qun
731 2187 1066 2252 Exoonnunroavrr
1089 2186 1283 2250 Mormnrs
1305 2202 1405 2251 snas.

310 2340 537 2406 Penitentiario
548 2341 806 2426 Rothomagensi.
838 2341 892 2405 Ex
903 2350 992 2426 parte
1008 2339 1194 2405 monialium
1209 2341 1309 2404 sancti
1321 2338 1475 2404 Amandi

266 2443 540 2530 Rothomagensis¹
558 2446 619 2510 fuit
633 2447 832 2531 propositum
846 2468 952 2511 coram
967 2445 1059 2510 nobis
1074 2443 1160 2531 quod
1176 2467 1250 2508 curn
1265 2480 1400 2532 —÷-
1417 2444 1477 2509 ab·

266 2548 382 2613 batissa
397 2549 535 2614 eiusdem
552 2549 611 2614 loci
627 2551 661 2614 in
677 2550 830 2636 quasdam
846 2549 999 2615 moniales
1014 2548 1355 2615 excommunicationis
1371 2548 1475 2614 uerbo

267 2652 309 2717 sit
321 2674 376 2716 usa
391 2662 421 2717 et
431 2654 614 2718 astrinxerit
628 2655 757 2719 uinculo
773 2654 942 2719 iuramenti
958 2676 999 2718 ne
1015 2692 1147 2702 —
1162 2652 1293 2718 moniali
1308 2652 1476 2716 auxilium

266 2765 298 2820 et
320 2757 485 2821 consilium
508 2758 724 2845 impenderent
746 2769 801 2823 aut
824 2758 984 2839 fauorem3
1011 2757 1117 2822 eedem
1141 2756 1280 2843 predicte
1302 2756 1407 2822 sorori
1434 2781 1477 2822 ne

267 2859 368 2945 ipsam
394 2871 512 2947 egestas
543 2863 708 2927 inclinaret
733 2862 774 2928 ad
803 2863 911 2948 turpia
937 2885 1068 2927 manum
1099 2861 1210 2926 auxilii
1242 2871 1473 2947 porrexerunt.

267 2963 370 3050 Super
384 2967 499 3052 quibus
517 2966 599 3032 sedis
613 2968 783 3053 apostolice
798 2965 1046 3032 misericordiam
1062 2965 1285 3052 implorarunt,
1302 2965 1477 3031 humiliter

267 3069 478 3154 supplicantes
495 3080 529 3135 ut
544 3093 652 3135 earum
668 3070 834 3158 fragilitati
854 3093 948 3156 super
964 3070 1023 3135 hoc
1038 3069 1205 3156 prouidere
1221 3069 1476 3135 misericorditer

267 3171 459 3258 dignaretur.
513 3173 582 3240 Nos
611 3184 716 3240 autem
741 3175 974 3240 considerantes
998 3173 1084 3260 quod
1112 3174 1184 3238 licet
1207 3195 1301 3238 sexus
1328 3174 1478 3240 conditio

267 3278 483 3343 auctoritatem
506 3278 800 3344 excommunicandi
830 3302 895 3344 non
926 3279 1049 3359 habeat,
1074 3287 1180 3345 tamen
1204 3287 1337 3364 propter
1363 3288 1476 3345 trans-

266 3382 435 3466 gressionis
464 3383 610 3448 affectum
639 3396 706 3448 tam
734 3384 816 3448 circa
845 3382 1032 3448 mandatum
1061 3381 1183 3447 editum
1214 3405 1310 3469 quam
1341 3384 1476 3468 prestiti

267 3485 446 3569 iuramenti,
470 3487 618 3573 predictis
646 3487 837 3553 monialibus
859 3487 1032 3573 iniungatis
1054 3485 1262 3572 penitentiam
1283 3485 1477 3571 salutarem,

269 3611 333 3654 non
356 3591 555 3657 immemores
577 3592 637 3657 olei
659 3601 732 3678 post
755 3592 903 3677 rigorem.

810 3889 926 3956 LXX.

268 4042 326 4107 Da
348 4042 610 4109 Counrrrnuna
633 4043 890 4109 Aneonu'rroun
917 4062 958 4108 ru
984 4043 1139 4108 Gaurum
1164 4062 1234 4108 nno
1260 4043 1474 4110 Monnonrs.

314 4198 386 4263 Etsi
415 4197 454 4262 de
484 4198 551 4262 iure
579 4199 707 4284 possitis
742 4198 912 4264 monachos
945 4208 1066 4264 uestros
1098 4197 1261 4263 absoluere
1294 4197 1477 4266 inlicientes

268 4325 382 4368 manus
403 4302 557 4368 uiolentas
579 4303 613 4366 in
635 4303 762 4388 seipsos,
787 4311 822 4367 ut
844 4315 949 4367 tamen
973 4303 1133 4368 salubrius
1155 4311 1258 4367 uestre
1280 4302 1478 4370 conscientie

302 4476 381 4530 ¹The
400 4477 482 4544 abbe)⁷
500 4478 530 4529 of
546 4477 622 4529 Saint
633 4477 740 4529 Amand
758 4477 791 4529 de
811 4477 905 4529 Rouen
917 4494 969 4529 was
989 4494 1005 4528 a
1024 4476 1131 4544 leading
1149 4475 1322 4529 Benedictine
1339 4493 1474 4545 nunnery,

268 4560 384 4613 founded
405 4561 521 4613 between
540 4561 606 4612 1030
624 4560 677 4612 and
698 4561 763 4612 1040
782 4560 834 4611 and
855 4560 973 4626 existing
991 4559 1061 4611 until
1085 4559 1131 4612 the
1155 4559 1320 4612 Revolntion
1344 4561 1375 4612 of
1397 4562 1474 4614 1789.

270 4643 397 4711 (Fisquet,
411 4660 450 4709 op.
463 4644 505 4695 cit.
518 4645 619 4709 Rouen,
632 4661 658 4710 p.
671 4643 742 4710 458).
