3098 5476
169 486 213 549 50
383 501 545 552 xxx111.
570 502 619 549 nu
649 501 876 551 nnanrrors
904 502 1152 553 couvnasm.

167 659 286 724 talibus
308 682 348 724 ex
371 659 530 725 interioris
554 660 692 725 hominis
716 661 848 725 ueritate
871 661 1034 744 iudicium,
1059 662 1242 748 paternitati
1267 672 1369 728 uestro

168 764 395 829 committimus
418 774 572 850 quatenus
595 764 621 828 si
644 773 691 829 est
713 765 757 829 ita
779 774 811 829 et
832 765 911 829 artis
934 766 1079 851 peritiam
1104 765 1228 850 habuit,
1244 776 1276 832 et
1290 768 1366 832 circa

171 868 380 933 minutionem
411 867 594 933 huiusmodi
624 867 771 933 adhibuit
797 869 949 934 cautelam
975 892 1072 956 quam
1100 870 1212 935 debuit
1237 894 1301 936 non
1324 895 1367 936 re·

170 972 288 1058 putetis
311 972 456 1037 eumdem
479 996 520 1037 ex
542 974 710 1059 premissis
727 973 790 1038 alio
814 996 879 1039 non
903 974 1049 1039 obstante
1072 975 1234 1058 canonico,
1250 975 1367 1062 irregu-

170 1076 305 1141 laritatis
328 1076 553 1161 impedimento
575 1078 685 1142 teneri.

679 1386 864 1451 XXXIII.

337 1576 394 1640 Du
417 1575 615 1641 HERETICIS
639 1575 839 1643 OONVEBSIS
862 1597 912 1642 AD
935 1579 1205 1643 PENITENTIAM.

140 1825 142 1829 ¹
214 1751 372 1838 Episcopo
388 1751 538 1816 Elenensi
561 1761 593 1816 et
608 1752 699 1816 fratri
716 1753 756 1818 F.
773 1765 829 1820 etc.
875 1752 1066 1818 Benedictus
1082 1752 1122 1818 de
1135 1792 1270 1803 —
1286 1755 1373 1820 miles

170 1866 274 1920 uestre
295 1855 426 1920 diocesis
449 1856 530 1920 lator
553 1857 744 1942 presentium
767 1857 935 1943 proposuit
950 1880 1056 1923 coram
1075 1857 1169 1922 nobis
1192 1862 1371 1944 quodcum

169 1983 229 2047 pro
243 1983 280 2025 eo
296 1959 381 2046 quod
397 1960 502 2025 fautor
512 1961 719 2026 hereticorum
736 1963 882 2026 extiterat
899 1972 929 2026 et
945 1984 1054 2026 eorum
1069 1961 1199 2027 credens
1214 1963 1374 2028 erroribus

171 2063 266 2128 fuerit
281 2087 300 2128 a
315 2065 406 2130 uobis
424 2065 652 2129 sententialiter
667 2065 928 2152 condempnatus,
946 2066 1146 2131 imminentia
1162 2067 1281 2132 timens
1301 2090 1372 2154 sup-

143 2161 145 2165 ’
170 2168 265 2253 plicia
280 2166 320 2231 ad
339 2168 413 2254 fuge
433 2169 610 2233 subsidium
627 2192 659 2234 se
673 2170 839 2235 conuertit.
885 2168 1031 2234 Tandem
1048 2192 1188 2235 errorem
1206 2171 1374 2237 aduertens

170 2281 201 2336 et
215 2272 363 2337 creatoris
385 2273 434 2337 sui
450 2273 601 2337 offensam
615 2295 795 2358 agnoscens,
812 2273 853 2338 ad
875 2273 1050 2361 apostolice·
1059 2273 1143 2339 sedis
1158 2276 1295 2340 recurrit
1309 2275 1371 2340 cle-

170 2376 331 2454 mentiam,
358 2377 511 2442 instanter
534 2388 565 2441 et
595 2377 759 2442 humiliter
785 2377 968 2464 supplicans
998 2379 1059 2443 sibi
1089 2377 1129 2443 de
1156 2380 1372 2445 misericordia

170 2480 343 2546 subueniri.
399 2482 485 2560 Quia
509 2504 585 2547 uero
612 2491 687 2547 sunt
711 2482 803 2568 culpe
833 2483 1008 2568 inquibus
1038 2483 1133 2570 culpa
1157 2492 1205 2548 est
1230 2484 1374 2550 relaxare

171 2584 345 2650 uindictam
361 2586 631 2672 circumspectioni
654 2595 757 2652 uestre
772 2586 812 2651 de
835 2587 973 2673 speciali·
988 2586 1138 2652 mandato
1153 2586 1280 2652 domini
1296 2611 1375 2675 pape

171 2690 399 2754 committimus
415 2698 569 2775 quatenus
587 2690 728 2777 predicto
744 2691 782 2754 B.
801 2691 946 2755 abiurata
961 2714 1091 2777 prorsus
1114 2691 1251 2758 heretica
1267 2693 1375 2779 praui-

170 2801 235 2858 tate
256 2792 296 2858 de
317 2793 525 2860 absolutionis
548 2795 697 2860 beneficio
720 2795 934 2881 procidentes,
952 2796 1061 2881 ipsum
1076 2795 1111 2858 in
1126 2795 1236 2882 aliquo
1252 2820 1376 2862 monas·

171 2897 250 2961 terio
276 2898 336 2962 suh
366 2898 486 2962 cautela
512 2898 672 2965 reclusorii
701 2899 872 2964 retrudatis
904 2909 1049 2963 acturum
1076 2900 1285 2986 penitentiam
1317 2901 1375 2966 sub

171 3001 282 3065 habitu
298 3003 445 3087 regulari,
462 3004 590 3088 prouiso
608 3014 642 3067 ut
657 3003 702 3068 sic
724 3003 808 3068 salus
830 3005 936 3068 anime
958 3004 1131 3089 penitentie
1146 3003 1288 3071 remedio
1304 3029 1372 3092 pro

171 3114 298 3170 curetur
312 3105 397 3192 quod
422 3129 458 3172 eo
480 3107 621 3192 corporis
643 3131 722 3194 pene
742 3109 888 3193 angustia
911 3131 975 3173 non
991 3107 1142 3193 perdatur
1157 3118 1188 3173 et
1205 3108 1372 3174 familiari-

171 3210 245 3274 tatis
260 3211 405 3297 contagio
420 3234 484 3276 non
500 3212 541 3275 sit
556 3210 641 3275 idem
656 3211 816 3296 aliquibus
831 3213 950 3277 occasio
965 3211 1152 3298 corruptele.

633 3421 681 3466 nn
703 3422 836 3472 noenu.
861 3403 918 3489 (2).

215 3577 323 3641 Fratri
338 3577 443 3643 Claro.
489 3577 583 3646 Visis
606 3569 719 3642 litteris
736 3601 814 3664 quas
837 3578 928 3644 nobis
944 3578 1044 3643 frater
1059 3578 1093 3647 J.
1112 3579 1261 3644 minister
1277 3579 1373 3645 sancti

172 3680 308 3766 sepulcri
324 3681 362 3746 de
376 3720 508 3731 —-
524 3682 710 3762 transmisit,
728 3682 896 3768 prudentie
917 3692 1021 3748 uestre
1043 3683 1231 3748 auctoritate
1255 3684 1375 3749 domini

171 3806 253 3870 pape
267 3786 493 3850 committimus
508 3794 664 3871 quatenus
679 3785 883 3851 consideratis
898 3786 1067 3872 diligenter
1078 3809 1140 3872 que
1155 3787 1265 3852 eedem
1277 3789 1376 3853 conti-

172 3896 249 3952 nent
263 3889 460 3974 presentibus
481 3889 658 3972 interclnse,
675 3891 719 3954 sic
741 3891 821 3954 circa
844 3890 949 3975 ipsum
968 3890 1144 3955 iniunctam
1166 3892 1376 3976 penitentiam

171 3993 352 4077 temperetis
375 3993 460 4078 quod
484 4016 520 4058 eo
542 3994 682 4079 corporis
705 4016 783 4079 pene
805 4017 869 4058 non
893 3993 1045 4080 perdatur
1066 3995 1213 4080 angustia
1236 4004 1269 4060 et
1292 3996 1375 4061 idem

173 4096 398 4162 familiaritatis
421 4108 478 4163 etc.
497 4108 532 4162 ut
556 4121 662 4184 supra.

632 4255 680 4298 on
703 4254 835 4301 nouam
860 4235 918 4323 (3).

218 4411 378 4496 Episcopo
401 4410 642 4475 Carcassonensi
666 4421 698 4475 et
719 4448 851 4459 --
873 4411 1114 4497 inquisitoribus
1136 4412 1376 4499 heretiquorum

173 4518 207 4580 in
232 4515 432 4580 Narbonensi
457 4514 624 4601 prouincia
650 4515 837 4581 constitutis.
894 4515 1017 4580 Audita
1043 4516 1240 4582 confessione
1268 4516 1378 4583 latoris

172 4619 365 4706 presentium
388 4620 492 4705 ipsum
508 4619 831 4684 excommunicatione
849 4642 911 4706 qua
926 4619 1092 4685 tenebatur
1107 4620 1256 4686 astrictus
1280 4645 1377 4708 prop-
