3098 5476
267 590 427 640 xxv111.
456 580 506 637 n'n
536 589 766 637 11011101010
794 587 1071 647 uucnssanro.
1224 571 1266 634 45

573 832 758 903 XXVIII.

399 1044 457 1108 Du
480 1043 680 1110 Ηο11101010
703 1044 934 1108 Nucnssamo.

106 1237 357 1324 Archiepiscopo
388 1235 650 1320 Rothomagensi.
711 1234 757 1299 H.
791 1234 896 1300 clerici
929 1233 1039 1300 latoris
1072 1236 1268 1320 presentium

58 1342 176 1428 petitio
200 1341 381 1407 continebat
396 1363 469 1405 cum
491 1339 623 1426 quidam
646 1340 680 1403 in
703 1348 837 1404 mortem
860 1339 1039 1403 niterentur
1061 1339 1160 1424 ipsius
1182 1339 1268 1405 idem

56 1447 157 1534 quasi
180 1444 377 1510 imminentis
400 1443 544 1532 [mortis]
568 1444 628 1508 sibi
653 1442 830 1529 periculum
855 1452 1006 1525 metuens,
1031 1466 1132 1507 unum
1155 1443 1268 1510 baculo

60 1551 134 1615 uim
150 1550 184 1613 ui
200 1548 380 1636 repellendo
396 1549 561 1634 percussit,
578 1549 634 1634 qui
653 1547 738 1612 infra
754 1569 869 1612 nouem
884 1546 1008 1611 dierum
1023 1548 1162 1633 spatium
1178 1548 1270 1635 spiri-

58 1665 135 1721 tum
159 1654 306 1720 exalauit.
351 1653 479 1721 Verum
498 1676 569 1717 cum
593 1652 765 1738 improuise
788 1651 988 1716 necessitatis
1001 1651 1154 1716 articulus
1176 1654 1203 1717 ei
1227 1653 1268 1719 ad

58 1759 301 1824 exeusationem
316 1756 440 1844 aliquid
462 1747 573 1822 afferat
588 1779 623 1822 eo
638 1756 723 1842 quod
747 1756 904 1842 repentini
926 1779 1016 1821 casus
1039 1756 1191 1821 instantia
1213 1757 1267 1823 de·

62 1863 263 1928 liberationis
293 1861 460 1928 consilium
492 1885 554 1927 11011
586 1861 730 1943 habebat,
757 1860 949 1946 supplicauit
976 1861 1139 1926 humiliter
1165 1884 1197 1926 se
1227 1862 1268 1926 ab

58 1968 236 2054 apostolice
260 1966 343 2032 sedis
368 1966 471 2052 gratia
495 1989 560 2030 non
582 1964 718 2031 excludi.
764 1963 834 2030 Nos
856 1973 961 2029 autem
984 1959 1040 2031 etc.
1061 1974 1216 2051 quatenus
1242 1967 1270 2031 si

58 2072 161 2138 dictis
185 2073 300 2136 ueritas
326 2070 528 2157 suffragatur,
553 2069 704 2155 aliudque
729 2069 914 2134 canonicum
941 2092 1004 2134 11011
1032 2069 1173 2152 obsistat,
1197 2093 1270 2156 pre-

62 2177 170 2242 fatum
195 2175 238 2239 H.
256 2175 447 2261 permittatis
470 2175 503 2238 in
527 2174 705 2239 minoribus
728 2173 894 2238 ordinibus
917 2173 1108 2239 ministrare.

530 2402 578 2446 uu
601 2401 732 2448 uoouu.
757 2381 816 2469 (2.)
867 2436 870 2442 .

112 2576 274 2662 Episcopo
303 2615 443 2642 --.
502 2573 567 2638 Sua
597 2574 689 2639 nobis
718 2574 801 2639 lator
830 2575 1025 2660 presentium
1056 2575 1271 2640 insinuatione

64 2681 260 2748 monstrauit
275 2679 361 2766 quod
377 2702 450 2744 cum
466 2679 596 2765 quidam
612 2679 780 2744 canonicus
795 2678 948 2764 regularis
967 2678 1017 2742 sui
1032 2701 1134 2744 comes
1149 2679 1273 2744 itineris

61 2784 242 2873 quamdam
255 2783 296 2849 ad
311 2784 441 2850 thorum
456 2783 691 2849 commixtionis
709 2782 818 2869 illicite
840 2783 954 2848 sotiam
968 2783 1170 2863 admississet,
1187 2783 1273 2848 idem

62 2891 164 2955 etiam
180 2889 243 2954 leui
258 2910 410 2954 consensu
432 2887 543 2952 nolens
565 2887 753 2972 participare
775 2888 942 2953 commisso
961 2888 1082 2953 obicem
1096 2887 1273 2953 contradic-

62 2995 165 3060 tionis
190 2994 346 3079 opposuit,
370 3001 401 3057 et
427 3015 500 3056 cum
527 3015 591 3057 non
617 2991 765 3056 afferrent
791 2991 948 3057 sufficiens
974 2991 1070 3056 uerba
1097 2991 1272 3057 remedium

63 3097 181 3163 adiecit
195 3106 226 3162 et
240 3097 372 3161 uerbera
386 3104 481 3181 prout
496 3095 638 3160 mulieris
652 3095 799 3180 exigebat
814 3095 944 3160 rebellio
960 3096 1134 3162 renitentis.
1182 3097 1272 3161 Cun-

66 3225 130 3289 que
145 3225 204 3287 pro
218 3209 362 3291 consorte
380 3199 524 3264 libidinis
546 3200 699 3285 regularis
722 3199 776 3263 ille
797 3199 1003 3285 irregularem
1018 3222 1150 3263 manum
1164 3200 1273 3265 defen-

64 3307 168 3374 sionis
189 3305 371 3371 extenderet
393 3305 460 3391 ipse
482 3304 587 3391 placto
609 3304 691 3369 ensis
714 3303 800 3368 illius
827 3303 929 3389 capud
953 3313 983 3369 et
1005 3327 1098 3369 crura
1119 3305 1273 3390 percussit

66 3411 148 3498 quin
171 3409 295 3474 nullam
316 3409 368 3474 uel
390 3407 547 3475 modicam
562 3408 700 3473 inferens
724 3408 882 3490 lesionem,
901 3409 957 3494 qui
979 3418 1066 3473 metu
1088 3409 1272 3494 perterritus

66 3515 155 3580 infra
176 3512 320 3578 triduum
342 3513 509 3598 expirauit.
555 3512 657 3597 Super
672 3535 735 3599 quo
757 3512 948 3598 supplicauit
970 3512 1133 3577 humiliter
1147 3522 1184 3578 ut
1198 3513 1272 3598 plus

63 3621 214 3684 affectum
240 3640 337 3704 quam
362 3639 470 3682 casum
499 3616 697 3681 subiicientes
727 3615 843 3681 iudicio
869 3617 950 3681 circa
975 3617 1082 3702 ipsum
1105 3616 1272 3703 prouidere

67 3721 313 3788 misericorditer
345 3720 539 3787 deberemus.
600 3721 757 3799 Quocirca
789 3720 829 3785 de
865 3721 992 3806 speciali
1029 3721 1179 3786 mandato
1212 3731 1269 3787 etc.

64 3835 225 3914 quatenus
246 3848 320 3890 cum
341 3825 465 3911 prefato
479 3862 611 3872 —
630 3825 657 3889 si
679 3824 767 3889 aliud
789 3825 975 3889 canonicum
997 3848 1060 3890 non
1083 3826 1216 3890 obsistat
1237 3826 1272 3890 in

64 3931 219 3998 ordinum
256 3930 438 3995 executione
471 3929 631 3994 minorum
668 3938 699 3994 et
732 3929 905 3994 retentione
942 3929 1083 3994 beneficii
1120 3928 1273 3995 hactenus

68 4035 171 4099 habiti
201 4033 388 4120 dispensetis
417 4043 448 4098 et
477 4033 563 4098 idem
594 4033 714 4098 fructus
736 4033 916 4098 ‘restituatis
946 4056 1024 4119 quos
1054 4043 1183 4119 propter
1213 4034 1273 4099 hoc

67 4138 187 4204 fecistis
216 4148 253 4202 ut
276 4137 393 4202 dicitur
416 4137 520 4202 medio
544 4148 684 4222 tempore
711 4137 906 4223 sequestrari.
963 4137 998 4202 si
1021 4160 1097 4202 uero
1122 4138 1272 4203 beneficio

66 4241 156 4329 quod
185 4265 270 4306 nunc
296 4242 390 4307 habet
415 4264 490 4306 eura
520 4251 567 4306 est
592 4241 772 4305 animarum
796 4263 920 4306 annexa
950 4241 1052 4306 eidem
1081 4241 1273 4326 prouideatis

69 4346 103 4410 in
127 4346 190 4411 alio
213 4346 412 4431 competenti.
482 4423 485 4429 .
