3098 5476
147 586 345 637 XXXVIII.
377 587 428 634 DE
456 587 798 635 COMMUNICANTE
827 588 911 636 CUM
940 587 1169 638 HERE'I'IOO.
1221 571 1261 636 57

54 744 236 811 orthodoxe
257 744 332 810 fidei
355 744 505 810 zelatores
527 744 666 811 comedit
686 755 717 809 et
738 745 819 809 bibit
841 767 913 809 cum
936 746 991 828 eis,
1007 768 1043 809 66
1065 768 1174 811 eorum
1192 769 1260 833 pre-

54 848 229 914 dicationes
253 849 385 915 audiuit.
431 848 573 913 Tandem
600 871 738 914 errorem
762 848 929 914 aduertens
955 872 1065 914 eorum
1090 851 1194 935 primo
1219 849 1259 913 ad

54 991 191 1002 ——
205 953 401 1040 Episcopum
417 963 448 1018 et
462 951 666 1039 postmodum
686 952 726 1017 ad
751 952 862 1017 fratres
877 991 1008 1000 —
1024 954 1119 1018 uestri
1143 952 1263 1018 ordinis

54 1067 168 1124 contra
198 1057 349 1122 hereticos
378 1057 580 1143 inquisitores
610 1058 645 1120 in
675 1056 740 1121 illis
771 1057 914 1142 partibus
943 1081 962 1122 a
990 1057 1062 1122 sede
1092 1058 1263 1143 apostolica

55 1266 168 1318 suerunt
185 1265 317 1333 abjurasse
336 1265 473 1330 affirmant,
491 1265 547 1316 Nos
565 1265 729 1317 attendentes
748 1264 820 1331 quod
838 1265 881 1316 illi
900 1264 946 1331 qui
965 1265 1002 1317 sic
1018 1273 1193 1331 revertuntur,
1209 1283 1262 1317 non

54 1349 124 1402 duce
142 1349 238 1401 divina
254 1350 341 1416 gratia
359 1365 408 1400 nec
427 1365 495 1415 pura
518 1355 605 1400 mente
628 1348 673 1400 sed
691 1349 815 1400 simulate
838 1349 936 1400 reversi
960 1348 1154 1415 utplurimum
1172 1350 1264 1401 existi-

56 1441 168 1484 mantur
184 1441 217 1498 et,
230 1432 401 1484 schismatum
418 1439 524 1483 auctore
541 1439 705 1498 procurante,
718 1432 796 1484 166116
813 1430 908 1483 1161616
924 1432 952 1482 in
967 1431 1093 1498 pristinos
1110 1432 1264 1484 relabuntur

55 1533 168 1581 errores,
181 1515 304 1582 quodque
321 1523 461 1582 propterea
477 1523 627 1567 sanctorum
644 1522 750 1582 patrum
762 1516 866 1568 decreta
877 1523 1022 1567 sanxerunt
1032 1515 1103 1581 quod
1121 1515 1153 1567 ab
1171 1516 1263 1568 haeresi

57 1606 224 1651 revertentes
240 1615 328 1650 coram
340 1598 444 1650 notario
455 1606 482 1650 et
493 1598 602 1650 testibus
613 1598 753 1666 fidedignis
764 1599 862 1665 scripto
873 1616 933 1650 cum
946 1599 1098 1666 juramento
1109 1600 1264 1665 promittere

56 1681 186 1734 deberent
203 1681 255 1733 loci
275 1681 410 1734 ordinario
430 1699 457 1733 se
476 1698 613 1748 nunquam
632 1682 666 1733 ad
686 1699 786 1734 errores
806 1699 871 1748 quos
892 1682 1043 1749 abjurarent
1059 1699 1215 1747 reversuros,
1234 1701 1264 1735 ac

58 1765 147 1818 felicis
164 1764 353 1816 recordationis
370 1765 441 1816 Sixti
458 1781 528 1832 papa
540 1765 609 1816 IIII.
621 1765 816 1832 predecessoris
832 1765 916 1817 nostri
933 1765 980 1831 qui
997 1782 1045 1832 per
1061 1766 1187 1831 quasdam
1205 1784 1264 1819 suas

57 1850 164 1901 litteras
174 1849 243 1901 bone
254 1849 380 1901 memorie
392 1849 481 1901 Eneoo
490 1849 698 1915 Archiepiscopo
710 1849 865 1916 Hispalensi
877 1849 988 1901 directas
997 1849 1084 1901 voluit
1095 1850 1265 1917 inquisitores

59 1932 190 1985 haereticae
201 1932 341 1999 pravitatis
352 1949 444 1984 eorum
455 1931 571 1985 officium
583 1949 704 1984 exercere
722 1949 796 1998 posse
813 1949 892 1999 super
903 1949 994 1984 eorum
1006 1932 1265 1987 reconciliationibus

57 2024 86 2069 et
98 2017 229 2068 haeresum
240 2015 450 2082 abjurationibus
467 2015 545 2067 aliter
556 2032 636 2081 quam
648 2016 790 2068 secundum
804 2016 874 2081 juris
885 2017 998 2067 formam
1010 2017 1086 2068 sactis
1096 2016 1178 2068 etiam
1189 2035 1264 2085 apos-

60 2099 143 2152 toliea
154 2099 310 2151 auctoritate
322 2099 434 2165 receptis
451 2115 481 2150 ac
492 2099 705 2165 exemptionibus
717 2116 733 2150 a
744 2098 907 2165 processibus
917 2108 943 2151 et
951 2099 1137 2166 jurisdictione
1148 2101 1264 2167 Inquisi-

60 2192 151 2235 torum
168 2183 312 2235 eorundem
330 2189 376 2234 aut
392 2183 471 2234 aliter
482 2183 681 2248 quomodolibet
692 2184 783 2235 eadem
801 2183 956 2235 auctoritate
967 2183 1081 2236 obtentis
1097 2202 1264 2252 nequaquam

57 2266 230 2330 obstantibus,
243 2266 363 2332 vestigiis
380 2267 539 2318 inhaerentes
551 2266 672 2318 volumus
689 2273 716 2318 61
727 2266 871 2333 apostolica
888 2267 1043 2319 auctoritate
1055 2268 1130 2320 vobis
1146 2269 1265 2321 concedi·

59 2367 119 2402 mus
137 2356 168 2401 ut
183 2350 351 2401 commissum
363 2349 439 2401 vobis
457 2348 639 2415 inquisitionis
657 2349 772 2401 officium
791 2357 883 2401 contra
899 2367 1067 2417 quoscunque
1084 2351 1191 2404 haeresis
1207 2352 1264 2405 sive

60 2433 194 2500 apostasie
205 2432 264 2485 labe
275 2432 387 2485 infectos
398 2433 478 2485 etiam
490 2433 528 2484 sic
539 2440 636 2484 secrete
648 2433 799 2499 abjurantes
810 2450 932 2485 exercere
944 2433 1027 2485 libere
1038 2435 1156 2486 valeatis.
1190 2436 1265 2487 Non-

58 2516 225 2569 obstantibus
236 2516 373 2582 quibusvis
384 2515 594 2583 abjurationibus
611 2516 689 2568 aliter
700 2533 780 2583 quam
788 2517 869 2583 juxta
879 2525 1028 2569 sanctorum
1040 2525 1146 2584 patrum
1157 2519 1228 2572 dicta
1239 2529 1265 2572 et

59 2599 219 2668 apostolicas
235 2599 381 2651 sanctiones
398 2599 526 2651 hactenus
542 2616 590 2666 per
601 2616 770 2667 quoscunque
782 2599 858 2651 sactis
874 2608 901 2652 et
912 2618 977 2666 quas
994 2600 1052 2653 fieri
1064 2602 1224 2666 contingerit
1236 2604 1264 2654 in

59 2684 183 2736 futurum
194 2699 296 2736 necnon
307 2683 351 2734 his
364 2699 423 2750 quae
434 2700 451 2734 a
461 2700 534 2735 sacra
545 2683 738 2735 Penitentiaria
749 2683 894 2750 apostolica
905 2684 1031 2736 hactenus
1048 2694 1211 2738 emanassent
1222 2688 1265 2739 vel

60 2766 224 2818 infuturum
241 2773 395 2818 emanarent
405 2783 453 2832 pro
465 2765 603 2832 quibusvis
620 2767 738 2833 personis
755 2767 932 2834 cujuscunque
949 2775 1037 2832 status,
1049 2768 1152 2835 gradus,
1165 2770 1267 2823 ordinis

60 2858 88 2903 et
103 2849 265 2902 conditionis
281 2848 455 2902 existentibus
472 2859 498 2902 61
512 2850 606 2916 quavis
623 2850 753 2917 dignitate
770 2858 797 2902 et
814 2851 969 2903 auctoritate
986 2852 1156 2918 fungentibus
1172 2855 1268 2921 quavis

60 2932 273 2986 consideratione
290 2932 384 2985 aliisve
401 2933 556 2986 fortioribus
572 2941 599 2985 et
612 2933 801 2986 efficacioribus
817 2934 948 2999 clausulis,
961 2935 1041 2986 6116111
1059 2936 1087 2986 111
1105 2937 1190 2989 1611116
1207 2955 1267 2990 oon-

61 3017 245 3070 sessionalium
262 3024 289 3069 et
307 3017 485 3084 exemptionis
503 3034 519 3068 a
537 3017 723 3084 superioritate
741 3025 768 3069 et
786 3025 914 3084 potestate
925 3025 1013 3069 vestra
1026 3027 1052 3071 et
1066 3036 1158 3071 eorum
1172 3021 1267 3087 quibus

61 3100 248 3154 commiseritis
256 3117 409 3152 excessuum
417 3100 617 3168 inquisitionem
625 3101 793 3167 punitionem
804 3108 831 3152 61
838 3101 1034 3167 correctionem,
1043 3120 1102 3154 cum
1114 3104 1267 3157 absolvendi

60 3201 107 3237 cos
124 3184 157 3236 ab
174 3183 231 3235 illis
248 3192 275 3236 et
286 3183 371 3251 poenis
387 3201 453 3251 quas
471 3192 580 3251 propter
591 3201 622 3236 ea
639 3184 811 3236 incurrissent
822 3184 949 3251 vobisque
967 3193 994 3237 et
1005 3185 1066 3237 aliis
1080 3186 1215 3251 judicibus
1233 3205 1266 3240 ne
1357 3220 1363 3238 .

61 3275 156 3320 6611116
167 3285 211 3320 666
227 3267 375 3335 procedatis
392 3266 533 3319 inhibendi
550 3276 577 3319 et
588 3267 626 3320 eis
642 3268 779 3320 favoribus
790 3261 947 3335 opportunis
963 3285 997 3320 ne
1009 3277 1139 3335 praetextu
1151 3271 1266 3337 cujusvis

62 3351 171 3404 heresis
188 3351 222 3403 ab
238 3350 300 3403 aliis
316 3351 345 3402 in
359 3351 492 3418 judicium
504 3359 646 3403 evocentur
658 3369 703 3404 seu
720 3351 799 3403 aliter
809 3351 982 3403 molestentur
993 3353 1130 3404 assistendi
1142 3353 1267 3406 facultate

62 3443 92 3488 et
107 3442 237 3502 potestate
255 3434 288 3486 ab
306 3434 398 3486 eadem
416 3434 607 3501 penitentiaria
624 3436 754 3487 emanatis
771 3443 798 3487 et
815 3435 977 3501 processibus
995 3435 1106 3502 desuper
1123 3436 1223 3488 habitis
1240 3446 1267 3490 et

62 3534 131 3584 quos
147 3517 246 3569 habere
262 3517 426 3583 contingeret
438 3518 466 3568 in
478 3517 604 3582 futurum,
617 3519 698 3570 etiam
709 3535 831 3570 censuras
842 3525 870 3570 61
880 3535 970 3584 poenas
987 3518 1015 3569 in
1027 3536 1054 3570 se
1065 3519 1266 3586 continentibus,

62 3618 130 3668 quas
141 3601 250 3668 quidem
261 3601 363 3653 litteras
380 3618 410 3652 ac
422 3600 530 3652 illarum
542 3618 690 3668 processum
703 3602 861 3653 huiusmodo
874 3610 992 3654 tenorem
1003 3603 1084 3654 etiam
1096 3603 1118 3654 si
1130 3603 1162 3655 de
1174 3604 1223 3655 illo
1235 3605 1267 3656 (16

65 3683 147 3736 verbo
160 3684 194 3736 ad
205 3684 315 3736 verbum
332 3701 377 3736 seu
395 3685 495 3750 quaevis
511 3685 565 3736 alia
579 3686 713 3752 expressio
731 3685 852 3737 habenda
863 3694 929 3737 esset
940 3694 967 3736 et
978 3685 1006 3736 in
1019 3686 1057 3737 eis
1074 3695 1211 3739 caveretur
1222 3705 1268 3740 ex-

63 3784 152 3834 presse
164 3767 235 3834 quod
246 3767 285 3819 eis
296 3784 349 3820 non
361 3775 510 3819 censeretur
521 3768 676 3834 derogatum
688 3786 736 3821 nec
747 3769 869 3835 derogari
881 3785 956 3835 posse
967 3769 1020 3819 nisi
1032 3769 1096 3820 dum
1108 3778 1135 3821 61
1145 3772 1268 3837 quotiens

62 3851 112 3903 sub
130 3851 209 3902 certis
227 3850 295 3902 inibi
313 3851 444 3918 expressis
462 3851 540 3902 modo
558 3853 686 3903 611611116
703 3853 866 3918 contingeret
883 3851 1005 3919 derogari
1023 3854 1200 3920 praesentibus,
1219 3872 1268 3922 pro

62 3934 196 4001 expressis
213 3933 339 3986 habentes
354 3935 392 3986 eis
407 3932 495 4000 quoad
514 3935 565 3987 hoc
585 3936 708 3987 nolumus
726 3936 755 3986 in
774 3936 864 4001 aliquo
883 3935 1021 4002 suffragari
1039 3937 1190 4004 caeterisque
1209 3957 1269 3991 con-

62 4017 154 4070 trariis
169 4017 374 4085 quibuscunque.
411 4018 509 4070 Datum
524 4020 615 4070 Romae
633 4019 703 4086 apud
721 4020 845 4071 Sanctum
863 4020 979 4084 Petrum,
993 4037 1062 4072 anno
1078 4021 1269 4075 incarnationis

64 4100 205 4153 dominicae
223 4101 364 4153 millesimo
382 4101 641 4168 quadringentesimo
661 4103 836 4169 octuagesimo
855 4103 974 4169 septimo,
995 4112 1090 4169 quarto
1109 4105 1196 4157 idibus
1215 4108 1270 4159 No-

64 4183 181 4236 vembris
195 4192 267 4250 pont.
280 4185 363 4236 nostri
381 4201 450 4235 anno
462 4187 643 4251 quarto-210.
656 4187 781 4238 C0r1u1.”
811 4186 932 4251 (Bulario
944 4186 987 4238 (161
1000 4187 1088 4238 Orden
1100 4188 1132 4239 de
1144 4189 1268 4257 Santiago

67 4266 98 4318 Τ.
111 4267 134 4318 Ι.
146 4267 192 4319 161.
205 4269 245 4333 92,
258 4285 300 4334 ap.
308 4267 429 4319 Archivo
441 4268 577 4321 Historico
589 4269 616 4319 N
617 4270 720 4320 acional
732 4270 764 4321 (16
776 4270 900 4335 Espafia.)

99 4349 159 4405 One
170 4351 201 4403 61
215 4350 262 4403 the
273 4350 380 4402 darkest
390 4368 470 4417 pages
488 4352 516 4402 in
529 4353 574 4403 the
587 4353 679 4404 annals
691 4354 721 4403 61
736 4353 782 4404 the
794 4355 868 4405 curia
880 4353 902 4404 is
920 4361 946 4405 to
959 4354 991 4405 be
1002 4353 1085 4404 found
1102 4355 1267 4410 1611611661-

63 4435 184 4488 mentes
198 4434 245 4486 the
261 4434 432 4485 unfortunate
449 4434 515 4486 New
528 4436 675 4487 Christians
693 4437 722 4487 61
737 4436 818 4503 Spain
836 4437 865 4487 in
883 4437 929 4488 the
947 4437 1020 4502 early
1032 4436 1096 4502 days
1113 4438 1143 4487 61
1158 4439 1204 4489 the
1222 4440 1266 4490 In-

63 4518 200 4586 quisition,
218 4517 295 4569 when
313 4516 335 4568 it
352 4518 494 4570 vacillated
514 4519 629 4571 between
646 4520 744 4586 greedy
762 4529 914 4587 acceptance
932 4521 962 4571 61
982 4520 1053 4571 their
1069 4520 1132 4585 gold
1150 4522 1201 4572 and
1219 4523 1264 4575 the

64 4618 184 4670 pressure
195 4601 225 4651 61
239 4601 286 4652 the
303 4601 424 4653 Catholic
436 4602 530 4668 Kings.
566 4604 609 4653 An
628 4605 729 4655 outline
741 4605 771 4655 61
786 4604 807 4654 11
820 4604 842 4654 is
859 4603 938 4669 given
951 4603 986 4668 by
997 4603 1129 4668 Llorente,
1143 4604 1264 4656 Histoire

63 4685 176 4751 critique
188 4684 219 4733 de
231 4683 420 4749 l'Inqnisition,
434 4686 455 4736 I.
469 4687 575 4751 151-71,
588 4687 638 4739 IV.
652 4689 701 4737 356
713 4705 767 4753 sqq.

636 4803 648 4844 5
