3098 5476
272 551 343 601 xv.
366 550 417 598 nn
446 548 719 598 coorsoaraus
746 547 1035 607 canarcoauu.
1217 529 1258 593 25

53 709 190 775 utamini
213 709 295 774 circa
317 708 486 795 premissos
509 716 545 772 ut
564 707 737 792 penitentia
759 705 880 770 cautela
903 704 1078 770 remedium
1099 703 1210 769 afferat
1225 714 1255 768 et

56 837 173 901 penam
191 836 258 878 non
274 813 390 878 inferat
404 835 499 898 quam
517 811 695 897 ignorantia
712 833 775 876 non
791 808 949 875 meretur.1

88 1005 97 1035 ¹
115 1005 175 1057 The
188 1005 271 1056 above
283 1005 335 1056 and
352 1004 430 1055 other
441 1021 511 1056 cases
525 1002 585 1068 (xv.
599 1005 628 1067 1;
646 1017 756 1054 cnxxn.
769 1003 791 1066 8,
805 1001 832 1067 9)
852 1001 983 1052 illustrate
1000 1018 1071 1052 some
1083 1002 1113 1052 of
1127 1001 1174 1052 the
1191 1000 1259 1052 diffi-

53 1088 150 1141 culties
168 1088 273 1140 thrown
293 1088 322 1138 in
341 1090 387 1140 the
404 1104 461 1153 way
479 1086 509 1138 of
526 1086 573 1138 the
591 1085 738 1152 repression
756 1085 786 1136 of
803 1085 884 1136 crime
901 1085 936 1151 by
953 1084 1000 1136 the
1018 1085 1173 1150 exemption
1190 1085 1259 1135 from

53 1172 158 1224 secular
180 1172 231 1223 law
251 1171 363 1238 enjoyed
386 1170 487 1236 hythe
507 1170 603 1236 clergy.
647 1170 705 1221 The
725 1176 818 1245 extent
840 1177 867 1219 to
888 1168 977 1220 which
994 1169 1050 1220 this
1069 1168 1190 1234 crippled
1212 1169 1259 1219 the

54 1256 236 1307 enforcement
252 1255 282 1306 of
298 1254 421 1306 criminal
438 1253 541 1320 justice,
559 1262 587 1304 to
605 1254 651 1305 the
668 1260 870 1319 postponement
887 1252 917 1302 of
933 1252 1093 1304 established
1110 1269 1189 1318 peace
1207 1251 1260 1303 and

52 1338 134 1390 order
150 1338 180 1389 in
197 1338 339 1404 European
357 1337 462 1403 society,
475 1337 498 1389 is
512 1336 572 1389 well
590 1344 629 1388 set
645 1337 719 1388 forth
736 1336 766 1386 in
783 1336 829 1387 the
847 1335 1005 1401 complaints
1021 1335 1078 1387 laid
1094 1335 1123 1386 in
1141 1337 1207 1386 1329
1225 1335 1259 1401 by

53 1421 187 1487 Philippa
198 1421 230 1473 de
242 1421 337 1474 Valois
347 1420 436 1472 before
447 1421 494 1472 the
506 1420 619 1486 prelates
630 1420 660 1471 of
674 1419 775 1471 France
787 1419 875 1472 whom
887 1419 921 1470 he
933 1418 987 1470 had
999 1418 1143 1471 assembled
1159 1420 1202 1470 for
1213 1419 1259 1469 the

54 1521 181 1572 purpose.

93 1588 202 1639 “xxnr.
236 1589 306 1640 Item
317 1588 350 1640 ad
362 1587 442 1640 finem
453 1587 524 1654 quod
536 1587 607 1639 dicta
615 1588 689 1639 curia
697 1586 871 1639 ecclesiastica
880 1594 1071 1650 augmentetur,
1080 1585 1146 1637 dicti
1157 1585 1261 1652 praelati

54 1672 160 1724 faciunt
171 1689 294 1738 magnam
306 1671 506 1723 multitudinem
517 1673 685 1722 tonsuraruin
696 1670 785 1737 pueris
797 1677 871 1722 aetate
883 1670 1036 1734 minoribus,
1049 1686 1163 1736 quorum
1175 1669 1261 1736 aliqui

55 1763 120 1807 sunt
129 1772 264 1807 servorum
273 1754 331 1820 fflii,
340 1755 388 1807 alii
396 1755 429 1807 de
437 1754 580 1821 illegitimo
589 1754 759 1806 matrimonio
767 1753 904 1820 procreati,
914 1771 943 1805 ac
952 1753 1106 1804 hominibus
1114 1753 1262 1820 conjugatis

56 1839 278 1891 insufficientibus
289 1846 316 1890 et
327 1838 469 1890 illiteratis.

96 1922 201 1973 “xm.
235 1923 305 1974 Item
321 1923 344 1974 si
362 1922 460 1988 aliquis
477 1921 631 1975 malefactor
642 1921 763 1987 capiatur
774 1938 822 1987 per
834 1920 951 1987 aliquem
963 1920 1141 1987 justitiarium
1159 1920 1262 1987 regium

57 2006 166 2058 saisitus
177 2006 210 2059 de
221 2007 292 2058 furto
304 2023 358 2070 suc,
371 2013 397 2058 et
408 2005 456 2057 ille
468 2006 511 2057 cui
528 2023 570 2057 res
586 2015 626 2057 est
637 2006 724 2057 furata
736 2006 826 2057 veniat
837 2005 1059 2071 coramgentibus
1073 2005 1153 2070 regiis
1165 2013 1190 2056 et
1202 2022 1263 2071 pro-

57 2090 105 2141 bet
113 2107 170 2141 rem
182 2089 334 2157 hujusmodi
346 2089 473 2141 furtivam
485 2106 559 2141 suam
570 2106 631 2154 esse,
640 2096 666 2140 et
674 2088 735 2140 ideo
747 2088 905 2155 expediatur
912 2089 998 2140 eidem
1010 2105 1058 2154 per
1069 2095 1159 2154 gentes
1170 2088 1262 2154 regias,

57 2173 83 2224 si
102 2190 136 2224 ex
153 2174 297 2240 postfacto
315 2172 405 2224 dicant
421 2173 524 2239 praelati
538 2173 582 2224 vel
599 2189 691 2224 eorum
708 2172 829 2224 officiarii
847 2164 1042 2224 malefactorem
1059 2189 1113 2223 esse
1130 2172 1263 2238 clericum,

58 2257 115 2324 ipsi
126 2257 227 2309 faciunt
238 2256 362 2323 compelli
379 2274 427 2323 per
439 2256 598 2308 monitiones
609 2264 636 2308 et
647 2256 786 2308 citationes
802 2272 861 2308 suas
872 2255 1009 2322 praedictas
1025 2263 1116 2322 gentes
1133 2256 1219 2322 regias
1231 2255 1265 2306 ad

59 2340 255 2392 restituendum
266 2340 304 2392 eis
316 2357 373 2392 rem
384 2339 526 2405 furtivam,
544 2339 680 2406 quodnisi
692 2340 809 2404 fecerint,
823 2339 1097 2392 excommunicantur.

99 2424 191 2475 “xxx.
227 2424 296 2475 Item
315 2424 338 2474 si
358 2423 494 2490 contingat
510 2423 582 2489 quod
601 2431 691 2489 gentes
711 2424 790 2489 regiae
809 2423 916 2489 capiant
933 2423 1050 2489 aliquem
1070 2422 1267 2475 malefactorem
1354 2440 1355 2443 ¹

59 2525 111 2575 pro
123 2507 236 2560 crimine
252 2514 323 2559 certo
335 2524 384 2573 per
395 2524 456 2559 eum
473 2507 618 2571 commisso,
631 2514 658 2558 et
669 2507 740 2558 idem
758 2507 912 2558 malefactor
928 2505 999 2558 dicat
1015 2523 1042 2558 se
1059 2507 1186 2560 clericum
1203 2523 1265 2570 esse,

59 2592 126 2643 licet
142 2607 191 2643 nec
207 2598 343 2642 tonsuram
360 2607 408 2642 nec
424 2590 547 2642 habitum
563 2590 665 2642 deferat
681 2590 821 2655 clericales,
840 2589 963 2642 officiales
980 2591 1149 2656 praelatorum
1166 2590 1267 2642 faciunt

61 2674 241 2727 incontinenti
253 2674 400 2726 detinentes
411 2682 438 2726 et
449 2674 581 2736 capientes
592 2674 718 2740 compelli
728 2691 776 2741 per
787 2673 947 2725 monitiones
958 2681 984 2725 et
995 2673 1138 2725 sententias
1149 2673 1183 2724 ad
1194 2674 1268 2725 resti-

61 2758 193 2811 tuendum
205 2757 256 2810 sibi
267 2757 423 2824 praedictum
434 2757 631 2828 malefactorem
642 2766 769 2824 tanquam
780 2757 906 2809 clericum
918 2774 1002 2809 suum.

101 2841 208 2893 “xxxa
231 2842 301 2893 Item
320 2841 343 2892 si
363 2848 454 2907 gentes
473 2841 543 2906 regis
562 2841 607 2892 vel
628 2841 676 2892 alii
693 2840 835 2907 justitiarii
855 2841 989 2893 saeculares
1007 2848 1134 2907 ceperunt
1152 2841 1269 2908 aliquem

61 2920 261 2977 malefactorem
279 2925 409 2975 latronem
428 2923 472 2976 vel
494 2924 575 2975 etiam
594 2922 756 2975 homicidam
774 2924 821 2990 qui
840 2931 975 2976 tonsuram
994 2923 1095 2976 deferat
1112 2924 1268 2988 clericalem,

62 3025 179 3075 eumque
195 3007 335 3060 restituant
346 3007 468 3073 praelatis,
481 3007 552 3058 idem
564 3007 717 3059 malefactor
728 3007 790 3058 satis
807 3007 859 3059 cito
875 3006 1043 3074 postmodum
1054 3007 1197 3073 expeditur
1208 3008 1271 3059 licet

63 3091 222 3158 cognoverit
232 3090 332 3142 crimen
350 3129 356 3142 .
375 3129 381 3141 .
400 3129 406 3141 .
425 3129 431 3142 ,
449 3098 475 3142 et
487 3090 524 3142 sic
535 3091 601 3142 tales
613 3090 793 3142 malefactores
811 3090 845 3142 ad
862 3091 927 3142 talia
945 3090 1075 3142 maleficia
1092 3090 1271 3157 perpetranda

64 3175 173 3228 facilius
184 3174 342 3226 excitantur.

102 3259 232 3309 “xxxnr.
266 3258 335 3309 Item
350 3256 447 3324 siquis
465 3274 514 3323 pro
531 3257 628 3309 delicto
646 3275 693 3308 suo
710 3257 859 3309 detineatur
875 3256 904 3308 in
920 3275 1022 3309 carcere
1041 3257 1154 3324 alicujus
1170 3257 1271 3324 judicis
1304 3266 1306 3269 ’

64 3342 204 3407 saecularis,
217 3341 280 3393 licet
291 3349 382 3407 captus
398 3341 520 3392 fueritin
532 3340 626 3392 habitu
643 3341 734 3392 laicali
751 3348 777 3392 et
788 3341 845 3393 sine
860 3349 974 3405 tonsura,
987 3348 1013 3392 et
1030 3341 1101 3407 quod
1118 3341 1227 3407 gesserit
1244 3358 1271 3392 se

65 3434 146 3478 antea
163 3442 212 3492 per
228 3432 311 3476 totam
328 3422 412 3476 vitam
430 3433 556 3490 tanquam
573 3425 663 3489 laicus,
682 3441 730 3490 pro
751 3425 802 3476 hoc
820 3425 905 3476 solum
925 3424 996 3490 quod
1015 3424 1158 3476 advovabit
1175 3441 1202 3476 se
1223 3441 1270 3491 pro

65 3508 171 3574 clerice,
189 3508 253 3575 quia
271 3507 408 3566 meliorem
427 3507 625 3574 expeditionem
645 3508 753 3559 habebit
770 3526 786 3559 a
803 3508 911 3574 praelato
930 3516 957 3558 et
974 3506 1107 3559 officiariis
1125 3525 1205 3574 quam
1224 3525 1272 3574 per

65 3592 203 3645 saeculares
213 3599 240 3643 et
251 3591 378 3643 delictum
390 3591 536 3642 remanebit
547 3591 717 3657 impunitum,
725 3592 789 3643 dicti
801 3591 922 3643 officiarii
934 3591 1035 3642 faciunt
1042 3591 1145 3643 moneri
1153 3591 1271 3658 judicem

65 3676 219 3728 saecularem
230 3683 261 3727 ut
271 3675 324 3726 cito
342 3675 538 3726 malefactorem
549 3675 669 3726 restituat
681 3676 718 3727 eis
736 3683 814 3742 atque
830 3674 928 3739 reddat,
942 3675 1062 3740 alioquin
1080 3675 1222 3727 cessabitur
1234 3675 1273 3727 eis

69 3759 249 3812 incontinenti
261 3775 309 3825 per
320 3766 404 3810 totam
415 3758 509 3810 villam
521 3758 568 3810 ubi
579 3759 616 3810 sic
627 3766 719 3825 captus
730 3759 863 3811 tenebitur
875 3758 1036 3810 malefactor.

105 3844 231 3894 “xxxrv.
260 3842 329 3894 Item
335 3841 441 3908 quando
449 3841 547 3908 aliquis
558 3843 711 3894 malefactor
719 3842 838 3894 redditur
846 3841 981 3909 judicibus
989 3842 1103 3894 ecclesiae
1115 3859 1162 3908 per
1170 3842 1273 3909 judices

67 3927 204 3979 saeculares
220 3933 347 3992 tanquam
357 3925 474 3990 clericus,
488 3925 566 3977 amici
584 3925 667 3991 ipsius
679 3926 855 3978 malefactoris
866 3925 979 3977 veniunt
990 3925 1025 3985 ad
1041 3925 1165 3978 officiales
1182 3926 1273 3992 praela-

68 4019 159 4062 torum
170 4018 197 4062 et
208 4009 367 4061 concordant
379 4009 494 4073 cumeis,
507 4017 534 4060 et
545 4008 582 4060 sic
593 4009 732 4061 dimittunt
744 4011 800 4062 sine
813 4009 952 4076 punitione
964 4009 1004 4061 ire
1015 4016 1042 4061 et
1053 4008 1090 4061 sic
1101 4010 1192 4076 pejora
1204 4027 1273 4061 com-

68 4095 181 4147 mittunt
191 4109 272 4160 quam
283 4100 350 4157 ante,
364 4093 426 4144 licet
437 4092 549 4144 crimina
561 4101 646 4144 essent
657 4093 893 4159 notoria.’'-Mag.
905 4093 980 4144 Petri
997 4093 1029 4144 de
1042 4092 1181 4159 Cugneriis
1193 4093 1273 4145 Liber

71 4177 207 4245 (Maxima
218 4176 348 4227 Biblioth.
361 4177 478 4227 Patrum.
492 4176 583 4227 Calon.
597 4177 710 4243 Agripp.
724 4178 796 4242 1618,
810 4178 840 4228 Τ.
853 4177 932 4229 XIV.
945 4193 989 4242 pp.
1002 4176 1091 4243 78-9).

103 4261 176 4312 That
187 4261 261 4312 these
272 4259 429 4326 complaints
441 4277 507 4311 were
519 4268 566 4310 not
578 4261 759 4327 exaggerated‚
770 4261 821 4313 and
834 4262 893 4312 that
904 4261 978 4312 these
990 4260 1080 4312 abuses
1092 4260 1234 4312 continued
1247 4268 1273 4312 to

69 4344 183 4397 flourish
195 4343 347 4395 unchecked
359 4343 382 4394 is
394 4343 484 4408 amply
493 4343 593 4409 proved
605 4345 640 4410 by
648 4345 694 4396 the
704 4343 826 4408 neyraco
838 4344 962 4393 criminet
973 4343 1009 4392 da
1020 4343 1136 4393 enatant
1144 4343 1175 4392 de
1184 4344 1274 4406 Paria,

71 4429 223 4480 1389-1392
237 4426 330 4494 (Paris,
342 4427 429 4490 1861).
464 4427 497 4477 In
510 4445 613 4493 process
624 4428 654 4478 of
663 4428 734 4493 time,
745 4428 875 4493 however,
889 4445 916 4479 as
928 4428 974 4479 the
986 4427 1096 4479 modern
1108 4428 1274 4479 monarchias

71 4528 153 4575 arose,
166 4511 213 4563 the
230 4510 305 4576 royal
318 4509 490 4577 jurisdiction
501 4511 669 4563 commenced
681 4519 708 4563 to
720 4512 844 4575 interfere
857 4511 923 4562 with
935 4511 1009 4563 these
1021 4510 1191 4575 immunities‚
1204 4511 1275 4562 lead·

73 4596 121 4662 ing
132 4594 178 4646 the
190 4594 301 4646 Oouncil
312 4593 342 4645 of
356 4593 438 4644 Trent
450 4601 477 4645 to
490 4602 570 4646 assert
582 4595 641 4646 that
653 4612 687 4645 no
705 4595 862 4647 ecclesiastic
880 4594 976 4646 should
992 4594 1025 4646 be
1037 4594 1194 4645 withdrawn
1206 4594 1275 4646 from

71 4679 120 4731 the
133 4677 303 4746 jurisdiction
322 4677 352 4728 of
366 4677 409 4728 his
428 4676 523 4744 bishop
542 4678 626 4729 under
645 4685 766 4744 pretence
784 4679 814 4729 of
829 4695 881 4744 any
899 4685 999 4729 custom
1017 4695 1048 4728 or
1066 4685 1216 4743 agreement
1235 4677 1275 4747 (C.

670 4762 684 4810 3
