3098 5476
175 527 238 592 106
284 544 418 593 xcvrr.
443 546 493 592 nn
521 545 774 593 suurnurns
802 546 900 594 rosr
928 546 1313 598 arrannrmounu.

174 703 370 769 absoluimus
392 703 432 768 ad
455 704 622 786 cautelam,
638 703 712 768 licet
733 705 897 790 protestati
921 704 1055 771 fuissent
1076 705 1162 791 quod
1185 729 1250 771 non
1275 717 1380 772 essent

175 808 335 873 ullatenus
366 807 702 874 excommunicationis
734 809 862 874 uinculo
892 809 1047 875 innodati.
1115 808 1219 896 Super
1249 810 1380 876 absolu-

175 914 293 978 tionem
315 913 457 998 ipsorum
481 921 640 998 presentes
662 912 783 978 litteras
805 922 861 979 etc.

630 1101 678 1146 nn
701 1101 833 1148 nonan.
858 1083 915 1171 (2).

219 1239 301 1304 Cum
323 1238 405 1302 inter
423 1237 463 1303 G.
481 1237 614 1302 electum
636 1246 760 1323 patrem
781 1239 918 1323 priorem
942 1240 1042 1305 sancti
1065 1240 1163 1323 Petri,
1181 1241 1377 1326 Magistrum

174 1344 206 1409 J.
224 1353 255 1409 et
269 1342 424 1429 quosdam
438 1342 517 1406 alios
539 1341 709 1407 monachos
732 1344 914 1408 monasterii
938 1344 1037 1408 sancti
1054 1344 1199 1408 Facundi
1222 1367 1264 1410 ex
1286 1357 1378 1432 parte

174 1471 247 1531 una,
263 1457 294 1511 et
309 1447 347 1512 Β.
364 1456 395 1512 et
409 1446 476 1511 eius
500 1446 637 1511 fautores
659 1469 699 1510 ex
714 1457 803 1531 parte
825 1446 888 1512 alia
903 1471 998 1533 super
1012 1447 1147 1513 diuersis
1169 1449 1377 1515 electionibus

174 1553 208 1617 in
223 1552 331 1617 eodem
348 1551 537 1616 monasterio
552 1549 717 1615 celebratis
734 1574 840 1616 coram
855 1550 986 1617 domino
1001 1575 1084 1639 papa
1098 1555 1221 1639 questio
1239 1563 1377 1618 uertere·

172 1667 237 1737 tur,
253 1666 283 1721 et
298 1655 439 1742 prefatus
460 1663 549 1740 pater
564 1665 593 1718 et
608 1676 683 1740 pars
705 1654 772 1719 eius
794 1655 885 1720 alteri
908 1656 991 1741 parti
1014 1658 1374 1743 excommunicationem

172 1762 347 1828 obiecerent
363 1783 402 1825 ne
422 1782 479 1845 per
493 1759 691 1832 obiectiones*
701 1769 731 1823 et
746 1760 943 1845 exceptiones
966 1761 1148 1827 huiusmodi
1167 1772 1275 1848 posset
1289 1763 1375 1829 ordi-

173 1866 259 1932 natio
285 1863 444 1950 impediri,
466 1863 534 1928 Nos
560 1862 599 1928 de
624 1863 752 1949 speciali
776 1863 899 1929 domini
922 1859 1006 1951 pape¹
1027 1865 1177 1931 mandato
1201 1867 1296 1951 nobis
1318 1890 1374 1953 per

172 1968 382 2036 uenerabilem
395 1979 518 2054 patrem
529 1967 694 2032 dominum
706 2007 838 2018 -—-
853 1968 1035 2055 episcopum
1047 1970 1266 2035 Albanensem
1281 1971 1370 2054 facto,

171 2075 329 2162 predictos
343 2074 475 2137 electum
491 2109 622 2120 ——-
637 2073 775 2158 priorem
789 2073 891 2146 sancti
905 2074 992 2138 Petri
1007 2084 1039 2139 et
1049 2112 1181 2124 --
1195 2086 1227 2140 et
1242 2113 1370 2126 —

171 2178 341 2245 monachos
361 2176 439 2240 dicti
462 2176 644 2240 monasterii
664 2177 705 2240 ab
721 2177 869 2242 omnibus
887 2178 1017 2242 obiectis
1037 2180 1369 2244 excommunicationi-

171 2285 230 2348 bus
253 2292 283 2347 et
298 2282 369 2346 aliis
392 2281 418 2345 si
441 2280 600 2366 aliquibus
623 2281 813 2345 tenebantur
827 2281 947 2346 astricti
971 2283 1061 2347 iuxta
1085 2283 1222 2348 formam
1248 2285 1369 2349 ecclesie

170 2387 366 2452 absoluimus
382 2384 421 2450 ad
438 2385 602 2450 cautelam.

692 2643 845 2711 XCVII.

169 2823 289 2887 Surus
310 2821 440 2884 Eonuu
461 2838 504 2882 nr
520 2838 567 2883 nu
589 2817 803 2884 Snurunrns
822 2820 931 2884 Laris
954 2839 1038 2885 Posr
1054 2821 1368 2889 Aernnnarronnu

527 2942 576 2987 nn
600 2923 724 2987 Sanun
747 2924 1015 2989 Arosronrcnu.

213 3101 235 3166 J
239 3100 383 3165 udicibus
399 3137 538 3164 —.
585 3097 722 3162 Nouerit
733 3098 879 3164 discretio
894 3108 1001 3164 uestra
1012 3099 1098 3185 quod
1114 3123 1172 3166 nos
1186 3101 1226 3166 de
1242 3103 1369 3188 speciali

170 3204 320 3294 mandato
335 3203 456 3269 domini
469 3226 549 3288 pape
565 3203 647 3267 facto
662 3203 754 3268 nobis
769 3226 825 3288 per
837 3203 1049 3268 uenerabilem
1064 3214 1186 3290 patrem
1202 3205 1368 3272 dominum

170 3307 596 3390 Sabinensem,Wilhelmum
610 3306 650 3372 de
663 3344 794 3355 —
810 3316 841 3372 et
851 3308 950 3372 socios
962 3309 1029 3373 eius
1044 3307 1159 3375 latores
1174 3312 1369 3395 presentium

170 3416 211 3480 ab
220 3412 553 3480 excommunicationis
564 3412 726 3476 sententiis
738 3435 816 3498 quas
831 3411 1030 3478 aduersarius
1042 3435 1151 3478 eorum
1162 3424 1274 3480 eontra
1285 3417 1369 3503 ipsos

170 3519 293 3601 obiecit,
310 3527 340 3582 et
354 3518 401 3582 ab.
411 3517 558 3582 omnibus
573 3515 644 3580 aliis
666 3516 693 3580 si
709 3539 770 3602 que
785 3516 847 3581 late
863 3517 992 3580 fuerunt
1007 3517 1040 3580 in
1056 3517 1141 3603 ipsos
1157 3529 1230 3603 post
1245 3532 1369 3586 contro-

170 3624 305 3689 uersiam
318 3632 436 3686 motam
448 3631 478 3685 et
489 3619 733 3706 appellationem
744 3619 786 3684 ad
801 3644 961 3685 summum
974 3622 1156 3706 pontificem
1172 3623 1370 3689 interiectam

169 3738 200 3793 et
223 3729 282 3791 iter
303 3735 491 3812 attemptum
516 3725 556 3788 ad
584 3723 690 3789 sedem
712 3726 917 3811 apostolicam
939 3725 1088 3790 ueniendi
1110 3727 1308 3810 absoluimus
1329 3730 1369 3794 ad

169 3831 334 3912 cautelam,
357 3839 388 3894 et
409 3829 448 3893 ad
474 3852 530 3894 uos
553 3830 745 3894 remittimus
771 3830 932 3895 absolutos
955 3831 1141 3895 mandantes
1168 3832 1285 3897 eisdem
1310 3835 1370 3898 sub

170 3935 275 4000 debito
298 3935 422 4020 prestiti
445 3934 614 3998 iuramenti
638 3943 674 3997 ut
689 3933 727 3998 de
750 3934 811 3998 hiis
833 3957 892 4020 pro
915 3935 1030 4021 quibus
1053 3934 1176 4000 eosdem
1194 3937 1370 4002 constiterit

169 4040 308 4126 legitime
335 4039 430 4103 fuisse
461 4038 574 4123 ligatos
605 4038 799 4103 satisfaciant
822 4048 1041 4125 competenter.
1104 4039 1253 4134 Ceterum
1280 4042 1306 4106 si
1336 4053 1370 4107 ut

169 4144 356 4231 premissum
380 4152 426 4206 est
448 4143 625 4207 satisfacere
648 4143 728 4208 forte
750 4143 998 4237 contempserint
1017 4143 1102 4228 ipsos
1129 4145 1162 4207 in
1186 4167 1368 4210 excommu-

169 4248 334 4315 nicationis
357 4246 520 4310 uinculum
543 4245 707 4312 reducatis.

629 4441 676 4486 nn
701 4441 831 4487 nonan.
855 4422 911 4509 (2).

212 4577 341 4644 Decano
377 4615 508 4627 -—
546 4578 708 4644 scolastico
741 4578 940 4643 Coloniensis
977 4587 1009 4643 et
1041 4614 1173 4626 ——
1206 4579 1368 4648 scolastico

169 4683 410 4748 Xanthonensis
432 4682 631 4748 Coloniensis
652 4682 792 4748 diocesis.
838 4680 976 4747 Nouerit
990 4681 1136 4747 discretio
1159 4692 1266 4749 uestra
1281 4684 1365 4770 quod
