3098 5476
327 565 432 615 1111.
456 566 506 613 nn
536 565 767 613 1101101110
795 564 994 613 casuum.
1217 549 1260 614 39.

54 725 303 791 circumstantiis
328 733 384 790 etc.
411 733 567 810 quatenus
593 724 619 789 si
646 724 805 810 premissis
832 724 949 789 ueritas
979 725 1171 810 suffragatur
1196 747 1261 789 non

55 830 210 915 reputetis
247 828 382 894 eundem
412 837 542 914 propter
571 829 722 914 premissa
755 828 997 914 irregularitatis
1034 828 1262 914 impedimento

54 935 167 1000 teneri.

522 1056 569 1100 nu
593 1056 724 1102 101111.
748 1037 806 1124 (8).

102 1213 224 1277 Abbati
243 1251 380 1277 —-.
426 1210 480 1276 Ex
502 1222 609 1277 tenore
633 1211 809 1276 litterarum
830 1221 1008 1277 uestrarum
1023 1221 1054 1276 et
1068 1212 1262 1278 confessione

53 1317 206 1382 monaehi
221 1317 318 1381 uestri
333 1317 526 1401 presentium
538 1315 647 1381 latoris
662 1316 837 1401 accepimus
853 1316 937 1401 quod
950 1315 1028 1380 dum
1039 1316 1216 1382 intenderet
1228 1317 1261 1380 in

53 1419 219 1507 quendam
228 1420 267 1484 de
282 1420 369 1486 sotiis
384 1419 544 1484 inmittere
558 1418 706 1504 lapidem,
717 1420 848 1484 emissus
864 1419 946 1504 lapis
960 1419 1102 1505 dilapsus
1117 1420 1151 1484 in
1163 1420 1262 1484 alium

54 1525 287 1610 inexcogitanti
310 1524 410 1610 capud
434 1524 527 1606 elisit,
543 1533 574 1588 et
589 1523 718 1588 demum
741 1524 851 1589 salutis
874 1534 1020 1610 percepto
1043 1524 1181 1590 remedio
1197 1548 1263 1590 non·

55 1639 240 1694 remanente
255 1629 388 1714 uestigio
411 1629 547 1710 lesionis,
564 1627 693 1692 alterius
715 1628 904 1714 egritudinis
926 1651 1019 1692 causa
1033 1629 1062 1692 ei
1080 1629 1264 1715 superuenit

54 1732 99 1801 ad
115 1742 258 1798 mortem.
304 1731 407 1818 Super
421 1755 485 1818 quo
501 1754 564 1797 non
580 1732 768 1797 conscientie
782 1744 840 1799 etc.
855 1741 892 1796 ut
907 1756 1011 1818 supra.
1116 1750 1129 1805 ’,

524 1975 571 2019 nn
594 1975 727 2021 10111.
752 1955 809 2043 (9).

105 2131 340 2198 Archidiacono
367 2131 554 2196 Lucanensi.
610 2132 710 2196 Lator
739 2132 933 2217 presentium
963 2133 1128 2217 proposuit
1158 2154 1264 2198 coram

56 2237 151 2302 nobis
173 2236 255 2322 quod
279 2259 316 2301 eo
335 2235 376 2300 ad
401 2259 494 2301 nuces
517 2235 637 2321 lapides
660 2236 790 2300 iaciente
811 2237 845 2300 in
868 2236 961 2302 dorso
984 2235 1068 2301 lesus
1091 2245 1137 2302 est
1159 2259 1264 2303 comes

57 2341 183 2406 itineris
205 2363 278 2405 casu
301 2339 416 2425 lapidis
438 2340 565 2423 casuali,
582 2348 613 2405 et
628 2338 757 2404 demum
779 2339 890 2404 salutis
913 2339 1051 2405 remedio
1075 2364 1139 2406 non
1161 2363 1264 2407 rema·

57 2455 154 2510 nente
169 2445 303 2530 uestigio
318 2444 445 2509 lesionis
467 2444 634 2530 peregrina
649 2443 794 2530 egritudo
809 2444 836 2508 ei
859 2445 1041 2530 superuenit
1055 2445 1095 2510 ad
1119 2455 1264 2511 mortem.

60 2548 167 2635 Super
183 2571 246 2634 quo
261 2571 323 2614 non
340 2548 527 2613 conscientie
542 2559 598 2612 etc.
616 2558 652 2612 ut
666 2570 773 2633 supra.

511 2792 558 2836 nu
582 2773 815 2860 10111.(10).

107 2966 356 3052 Archiepiscopo
382 2964 638 3050 Rothomagensi.
696 2963 834 3030 Honorii
863 2966 1029 3051 presbiteri
1057 2966 1166 3032 latoris
1195 2989 1267 3052 pre·

59 3072 198 3138 sentium
222 3070 334 3156 petitio
357 3069 539 3135 continebat
562 3068 646 3154 quod
671 3069 802 3154 quidam
823 3069 930 3155 laycus
955 3093 1027 3134 eum
1052 3069 1227 3156 fugientem
1247 3093 1266 3134 a

60 3176 142 3241 facie
152 3174 370 3260 prosequentis
384 3173 514 3239 cultello
529 3173 735 3259 percusserit:
750 3173 817 3259 ipse
833 3183 869 3239 ut
884 3175 1076 3260 insequentis
1093 3174 1266 3240 retardaret

59 3279 247 3344 instantiam
262 3277 448 3363 canipulum
470 3278 594 3342 exeruit
608 3277 647 3341 ad
672 3286 823 3343 terrorem
848 3277 946 3341 nichil
968 3301 1079 3363 gerens
1102 3279 1134 3342 in
1158 3279 1266 3344 animo

59 3383 149 3472 quod
171 3383 326 3469 ingereret
341 3404 467 3446 causam
487 3382 606 3446 mortis
653 3381 779 3449 Verum
797 3381 874 3445 dnm
890 3383 1098 3467 persecutoris
1116 3384 1266 3468 impetus,

59 3511 158 3575 quem
185 3487 283 3551 nimia
307 3486 470 3550 laxauerat
494 3486 636 3569 ebrietaS,
662 3487 868 3571 temperantie
894 3508 959 3550 non
985 3486 1114 3551 haberet
1138 3486 1265 3568 abenas,

60 3592 147 3657 idem
174 3592 281 3675 laycus
307 3591 341 3653 in
368 3598 532 3654 extentum
559 3590 753 3675 canipulum,
781 3590 899 3675 absque
929 3590 1093 3656 uoluntate
1119 3592 1266 3674 tenentis,

59 3695 165 3782 capud
191 3695 290 3760 allisit
316 3695 461 3759 incautus
487 3704 517 3759 et
541 3695 586 3759 sic
612 3694 730 3759 uulnus
756 3695 900 3779 protulit,
923 3694 1042 3759 uulnus
1069 3695 1208 3760 inferens
1235 3714 1264 3759 et

60 3811 198 3867 mortem
222 3800 257 3864 in
280 3798 379 3863 alium
405 3799 438 3863 in
463 3799 602 3884 seipsum
626 3797 776 3863 incidenti
801 3822 874 3863 casu
898 3799 1029 3865 reflexit.
1075 3799 1180 3885 Super
1202 3824 1267 3885 quo

60 3928 128 3972 non
143 3904 330 3969 conscientie
345 3902 506 3989 prouideri
523 3902 649 3989 petebat
664 3901 718 3967 sed
735 3902 825 3984 fame,
844 3911 901 3967 etc.
920 3912 956 3968 ut
971 3927 1077 3990 supra.

514 4130 716 4176 1110111.
741 4110 821 4197 (11).

109 4289 268 4374 Episcopo
298 4287 510 4353 Xantonensi.
556 4287 606 4351 W.
630 4285 814 4351 subdiaconi
839 4286 948 4352 latoris
974 4289 1168 4373 presentium
1193 4311 1267 4372 pro-

62 4394 180 4480 positio
201 4392 382 4458 continebat
397 4391 482 4478 quod
505 4390 584 4455 dum
607 4390 781 4455 intenderet
797 4391 961 4456 mulierem
984 4391 1143 4477 quandam
1160 4391 1269 4455 dicen-

62 4509 129 4563 tem
145 4497 206 4563 sibi
228 4496 369 4562 oonuitia
384 4495 523 4582 quodam
538 4496 650 4561 baculo
665 4495 831 4560 uerberare
853 4496 983 4561 baculus
1001 4495 1144 4581 dilapsus
1167 4496 1268 4559 filiam

63 4602 206 4667 mulieris
229 4599 370 4666 eiusdem
386 4602 419 4664 in
434 4601 536 4686 capite
556 4599 746 4682 uulnerauit,
763 4608 794 4664 et
809 4600 882 4665 licet
897 4600 1006 4665 eadem
1020 4600 1060 4665 de
1083 4600 1266 4664 huiusmodi

63 4706 198 4772 uulnere
220 4705 313 4792 plene
335 4705 446 4771 salutis
468 4705 655 4790 percepisset
671 4705 855 4787 remedium,
872 4705 1002 4770 alterius
1024 4715 1129 4768 tamen
1151 4704 1268 4790 egritu-
