3098 5476
490 599 578 649 xnr.
606 601 656 647 ur
685 600 798 648 rruro
828 601 1058 650 nnnnrrcr.
1332 587 1374 651 59

169 758 311 844 parisius
327 759 490 842 existente,
505 768 650 844 parentes
666 759 733 825 eius
748 759 834 824 fuere
849 760 888 825 de
905 760 1006 826 heresi
1020 761 1240 848 condempnati
1257 770 1289 827 et
1303 762 1376 827 licet

168 862 214 928 eis
238 885 302 928 nou
326 853 572 928 communicauit
591 863 673 928 circa
696 864 802 944 fidem,
819 865 996 950 quinimmo
1018 853 1133 931 erroris
1155 889 1264 931 eorum
1280 866 1377 931 fuerit

170 989 304 1053 prorsus
326 969 463 1053 ignarus,
479 967 590 1032 detali
613 977 720 1032 tamen
735 978 903 1054 parentum
918 969 1201 1055 condempnatione
1215 971 1376 1036 confessus

169 1072 257 1158 apud
285 1094 342 1137 uos
365 1071 509 1136 habitum
532 1071 694 1158 religionis
718 1075 898 1158 assumpsit,
914 1073 1043 1159 cupiens
1066 1097 1121 1160 per
1136 1075 1202 1139 uite
1224 1075 1375 1139 meritum

169 1186 330 1262 astergere
352 1175 508 1240 maculam
531 1199 595 1262 qua
613 1177 718 1262 ipsum
736 1177 830 1262 culpa
852 1178 1089 1263 progenitorum
1104 1180 1245 1265 aspersit.
1293 1179 1376 1245 Sane

169 1303 247 1345 cum
262 1280 382 1345 talibus
396 1280 437 1344 ad
452 1282 628 1367 superiores
643 1281 761 1367 gradus
778 1281 982 1347 interdicatur
997 1305 1151 1365 ascensus,
1169 1283 1232 1349 fuit
1246 1284 1376 1347 humili-

171 1395 222 1450 ter
237 1384 454 1471 supplicatum
469 1396 505 1449 ut
520 1386 552 1448 in
570 1385 712 1450 fauorem
727 1385 890 1472 religionis
907 1386 1006 1481 ipsius
1022 1388 1102 1452 circa
1117 1411 1189 1452 eum
1205 1389 1376 1474 apostolica

170 1489 262 1554 sedes
276 1488 458 1575 dispensare
476 1489 718 1555 misericorditer
733 1489 925 1576 dignaretur.
974 1491 1044 1556 Nos
1066 1502 1171 1556 autem
1187 1492 1226 1557 de
1248 1493 1376 1578 speciali

172 1592 327 1658 mandato
342 1593 464 1658 domini
480 1615 559 1679 pape
575 1603 630 1659 etc.
645 1603 801 1679 quatenus
824 1595 850 1658 si
866 1594 1007 1679 prefatus
1023 1595 1068 1662 V.
1086 1596 1150 1660 uite
1165 1605 1197 1660 et
1211 1619 1376 1662 conuersa-

171 1697 270 1763 tionis
285 1697 361 1763 talis
375 1698 490 1762 existat
505 1696 591 1784 quod
605 1697 645 1761 ad
662 1697 869 1762 obtinendam
885 1697 1067 1764 huiusmodi
1083 1700 1218 1785 gratiam
1233 1700 1378 1766 credatur

172 1801 288 1868 merito
315 1825 380 1867 non
407 1801 557 1887 indignus
587 1802 779 1887 promotioni
810 1802 949 1867 eiusdem
975 1805 1080 1889 quoad
1107 1804 1233 1869 ordines
1264 1828 1377 1889 sacros,

171 1906 306 1993 equitati
332 1907 436 1992 rigore
457 1906 594 1989 cedente,
616 1905 706 1991 pium
729 1905 919 1992 impendatis
943 1908 1168 1993 prosecutionis
1191 1931 1361 1974 assensum.

656 2134 900 2142 -———-d

729 2287 825 2352 XLI.

426 2480 482 2544 Du
506 2479 612 2544 F1n1o
635 2479 817 2544 Hnnsrrcr
840 2498 908 2543 run
931 2479 1114 2545 Pnouoro.

220 2673 381 2759 Episcopo
406 2672 608 2737 Tornacensi.
637 2755 638 2758 Ἴ
661 2671 800 2737 Litteras
825 2680 946 2736 uestras
969 2694 1029 2759 pro
1052 2711 1184 2721 —-
1209 2673 1381 2759 presbitero

176 2777 369 2864 presentium
387 2776 486 2841 latore
504 2775 679 2861 recepimus
696 2784 728 2840 et
742 2775 842 2861 ipsius
865 2775 1093 2842 confessionem
1108 2777 1290 2842 audiuimus
1305 2777 1381 2842 dili-

173 2890 299 2968 genter.
346 2882 435 2959 Quia
451 2903 526 2946 uero
540 2879 725 2946 constitutio
745 2879 916 2965 apostolice
938 2879 1030 2945 sedis¹
1047 2902 1112 2946 non
1125 2881 1168 2945 ad
1183 2891 1310 2969 peracta
1325 2883 1379 2948 sed

174 2985 218 3052 ad
245 2985 356 3050 futura
377 2994 501 3050 tantum
525 2984 618 3049 debet
640 2982 770 3049 extendi
793 2994 824 3048 et
847 2984 1008 3070 predictus
1032 3020 1161 3033 --
1183 2995 1256 3052 ante
1279 2988 1380 3073 ipsius

174 3090 412 3157 constitutionis
427 3089 566 3154 edictum
580 3099 610 3153 et
622 3088 937 3174 condempnationem
953 3097 1121 3174 parentum
1138 3089 1200 3154 fuit
1214 3100 1379 3176 promotus

174 3195 216 3260 ad
231 3217 337 3261 sacros
352 3193 434 3260 etad
450 3192 692 3258 ecclesiasticum
704 3193 891 3258 beneficium
903 3203 1070 3276 assecutus,
1080 3193 1219 3258 eiusdem
1231 3195 1382 3280 petitione

173 3300 307 3365 domino
322 3321 404 3385 pape
421 3297 574 3384 exposita,
591 3297 695 3384 ipsum
711 3295 751 3361 de
766 3297 866 3381 ipsius
881 3296 1005 3360 domini
1020 3306 1104 3362 certa
1118 3299 1248 3363 scientia
1263 3298 1304 3363 ad
1319 3320 1378 3365 uos

174 3403 330 3468 duximus
353 3400 580 3467 remittendum
596 3410 633 3465 ut
647 3399 852 3466 consideratis
867 3401 1038 3486 diligenter
1053 3425 1113 3488 que
1136 3403 1252 3488 scripta
1267 3403 1379 3468 cedula

174 3499 317 3574 continet
338 3507 537 3593 presentibus
560 3506 739 3587 interclusa,
759 3505 864 3591 quoad
887 3507 1102 3571 executionem
1125 3506 1220 3572 officii
1243 3519 1274 3572 et
1296 3530 1379 3573 asse-

209 3716 218 3747 ¹
231 3716 358 3768 Frederic
370 3715 408 3767 II.
421 3714 449 3766 in
462 3714 505 3766 his
517 3715 647 3766 Ravenna
657 3713 749 3766 deeree
761 3715 791 3766 of
807 3715 872 3764 1232
885 3713 1007 3783 declared
1019 3714 1071 3767 the
1083 3714 1206 3766 children
1219 3715 1271 3767 and
1282 3717 1379 3782 grand-

173 3800 299 3854 children
311 3800 342 3851 of
356 3797 470 3850 heretics
481 3797 619 3864 incapable
631 3797 661 3848 of
675 3796 789 3862 holding
805 3797 896 3863 public
907 3797 981 3849 office
995 3797 1292 3864 (Huillard-Breholles
1306 3800 1378 3852 Hist.

175 3885 296 3952 Diplom.
314 3883 389 3934 Frid.
407 3883 446 3933 II.
458 3882 489 3933 T.
507 3882 557 3934 IV.
573 3899 598 3948 p.
617 3882 674 3932 302.
717 3882 756 3932 Cf.
775 3881 896 3932 Constitt.
909 3881 1020 3932 Sicular.
1033 3881 1092 3932 Lib.
1105 3896 1124 3933 1.
1136 3882 1188 3934 Tit.
1201 3883 1230 3934 ii.
1243 3900 1263 3934 e.
1276 3884 1313 3948 3>‚
1326 3884 1379 3935 and

175 3969 307 4020 Innocent
318 3967 369 4020 IV.
382 3967 411 4018 in
424 3967 490 4017 1253
507 3965 618 4017 ordered
636 3965 673 4016 all
691 3965 775 4015 rulers
793 3972 819 4016 to
831 3965 935 4016 enforce
947 3965 1002 4016 this
1016 3965 1163 4030 (innocent.
1177 3966 1231 4017 ΡΡ.
1244 3966 1293 4018 IV.
1306 3967 1378 4018 Bull.

176 4051 221 4101 Ad
239 4051 400 4115 extirpanda
414 4051 426 4112 ᾇ
439 4050 479 4114 30,
493 4050 525 4100 15
537 4049 613 4113 Maii,
627 4050 713 4113 most,
727 4048 774 4100 but
786 4049 799 4098 Ι
812 4057 909 4099 cannot
920 4048 975 4099 find
993 4065 1044 4114 any
1056 4050 1136 4115 papal
1148 4050 1320 4102 constitution
1333 4068 1379 4102 ex-

175 4135 289 4201 tending
300 4134 355 4187 this
366 4133 503 4198 disability
516 4140 542 4184 to
555 4133 725 4185 ecclesiastice
742 4132 817 4198 prior
828 4140 855 4183 to
868 4133 914 4183 the
926 4132 1122 4183 authorization
1135 4133 1222 4184 issued
1239 4142 1266 4185 to
1279 4134 1380 4201 inquis-

175 4220 243 4272 itors
260 4219 295 4284 by
313 4219 443 4270 Innocent
459 4217 510 4269 IV.
523 4217 551 4266 in
570 4217 643 4280 1254,
656 4223 683 4267 to
701 4215 811 4282 deprive
829 4215 866 4266 all
884 4215 948 4267 such
966 4233 1074 4282 persons
1091 4217 1121 4268 of
1136 4234 1187 4283 any
1204 4217 1331 4283 dignities
1348 4236 1379 4270 or

176 4303 304 4355 benefices
326 4301 415 4354 which
439 4301 503 4365 they
526 4317 587 4365 may
610 4316 710 4366 possess
735 4300 882 4362 (innocent.
904 4299 956 4351 ΡΡ.
981 4300 1031 4352 IV.
1055 4301 1125 4351 Bull.
1150 4301 1214 4350 Cum
1238 4302 1377 4367 nepotiana,

177 4389 193 4439 9
216 4387 297 4438 Mart
314 4386 388 4450 1254,
410 4401 452 4448 cp.
474 4383 513 4435 M.
530 4383 602 4435 Bull.
624 4384 701 4434 Rom.
725 4383 746 4434 I.
769 4384 838 4434 luat.
873 4384 906 4433 Iu
926 4384 972 4435 the
992 4384 1094 4450 Corpus
1112 4385 1188 4436 Juris
1208 4385 1254 4435 the
1275 4385 1381 4437 earliest

176 4470 352 4537 prescription
372 4469 402 4520 of
423 4467 478 4520 this
500 4475 594 4518 nature
618 4467 640 4518 is
663 4468 722 4518 that
745 4468 775 4518 of
790 4466 944 4519 Alexander
964 4468 1013 4519 IV.
1026 4468 1054 4518 in
1077 4469 1139 4519 1257
1161 4468 1229 4532 (0.2
1250 4468 1278 4518 in
1299 4467 1380 4520 Sexto

179 4554 238 4606 Lib.
252 4568 280 4605 v.
292 4553 345 4604 Tit.
358 4553 401 4615 iil.

212 4637 356 4703 Assuming
375 4636 421 4687 the
440 4634 497 4686 bull
514 4635 545 4685 of
563 4635 625 4685 1254
646 4643 672 4685 to
690 4635 722 4685 be
739 4635 786 4685 the
803 4651 853 4685 one
871 4635 986 4685 referred
1004 4644 1031 4685 to
1050 4635 1078 4685 iu
1096 4634 1142 4686 the
1160 4634 1242 4685 above
1260 4634 1331 4686 brief
1345 4636 1380 4688 its

177 4722 239 4773 date
250 4720 338 4772 would
349 4718 479 4786 probably
491 4719 523 4770 be
535 4719 630 4769 within
643 4735 658 4768 a
670 4718 718 4769 few
731 4734 806 4783 years
817 4717 1010 4784 subsequently.
