<?xml version="1.0" encoding="UTF-8"?>
<!DOCTYPE html PUBLIC "-//W3C//DTD XHTML 1.0 Transitional//EN"
    "http://www.w3.org/TR/xhtml1/DTD/xhtml1-transitional.dtd">
<html xmlns="http://www.w3.org/1999/xhtml" xml:lang="en" lang="en">
 <head>
  <title>
</title>
<meta http-equiv="Content-Type" content="text/html;charset=utf-8" />
  <meta name='ocr-system' content='tesseract 3.04.00' />
  <meta name='ocr-capabilities' content='ocr_page ocr_carea ocr_par ocr_line ocrx_word'/>
</head>
<body>
  <div class='ocr_page' id='page_1' title='image "aformularypapal00leagoog_0116.png"; bbox 0 0 3098 5476; ppageno 0'>
   <div class='ocr_carea' id='block_1_1' title="bbox 425 531 1369 599">
    <p class='ocr_par' dir='ltr' id='par_1_1' title="bbox 425 531 1369 599">
     <span class='ocr_line' id='line_1_1' title="bbox 425 531 1369 599; baseline 0 -2"><span class='ocrx_word' id='word_1_1' title='bbox 425 552 458 597; x_wconf 89' lang='lat' dir='ltr'><strong>L.</strong></span> <span class='ocrx_word' id='word_1_2' title='bbox 488 551 537 597; x_wconf 83' lang='lat' dir='ltr'><strong>DE</strong></span> <span class='ocrx_word' id='word_1_3' title='bbox 565 549 816 599; x_wconf 82' lang='lat' dir='ltr'>SUSPIGIONE</span> <span class='ocrx_word' id='word_1_4' title='bbox 845 549 1109 598; x_wconf 72' lang='lat' dir='ltr'><strong>FALSITATIS.</strong></span> <span class='ocrx_word' id='word_1_5' title='bbox 1329 531 1369 597; x_wconf 78' lang='grc'><strong>67</strong></span> 
     </span>
    </p>
   </div>
   <div class='ocr_carea' id='block_1_2' title="bbox 628 758 913 845">
    <p class='ocr_par' dir='ltr' id='par_1_2' title="bbox 628 758 913 845">
     <span class='ocr_line' id='line_1_2' title="bbox 628 758 913 845; baseline -0.004 -23"><span class='ocrx_word' id='word_1_6' title='bbox 628 777 676 822; x_wconf 83' lang='lat' dir='ltr'><strong>nn</strong></span> <span class='ocrx_word' id='word_1_7' title='bbox 699 777 831 822; x_wconf 80' lang='lat' dir='ltr'><strong>nonan.</strong></span> <span class='ocrx_word' id='word_1_8' title='bbox 856 758 913 845; x_wconf 82' lang='grc'>(2).</span> 
     </span>
    </p>
   </div>
   <div class='ocr_carea' id='block_1_3' title="bbox 170 913 1387 1833">
    <p class='ocr_par' dir='ltr' id='par_1_3' title="bbox 170 913 1387 1833">
     <span class='ocr_line' id='line_1_3' title="bbox 214 913 1387 1020; baseline -0.001 -23"><span class='ocrx_word' id='word_1_9' title='bbox 214 932 375 1020; x_wconf 84' lang='lat' dir='ltr'><strong>Episcopo</strong></span> <span class='ocrx_word' id='word_1_10' title='bbox 399 933 580 998; x_wconf 87' lang='lat' dir='ltr'><strong>Parisiensi.</strong></span> <span class='ocrx_word' id='word_1_11' title='bbox 633 932 765 997; x_wconf 84' lang='lat' dir='ltr'>Auditis</span> <span class='ocrx_word' id='word_1_12' title='bbox 795 955 856 1019; x_wconf 87' lang='lat' dir='ltr'><strong>que</strong></span> <span class='ocrx_word' id='word_1_13' title='bbox 881 933 962 998; x_wconf 88' lang='lat' dir='ltr'><strong>lator</strong></span> <span class='ocrx_word' id='word_1_14' title='bbox 985 933 1178 1019; x_wconf 89' lang='lat' dir='ltr'><strong>presentium</strong></span> <span class='ocrx_word' id='word_1_15' title='bbox 1204 913 1387 1020; x_wconf 84' lang='lat' dir='ltr'><strong>proposuit¹</strong></span> 
     </span>
     <span class='ocr_line' id='line_1_4' title="bbox 170 1036 1372 1124; baseline -0.002 -20"><span class='ocrx_word' id='word_1_16' title='bbox 170 1060 275 1104; x_wconf 89' lang='lat' dir='ltr'><strong>coram</strong></span> <span class='ocrx_word' id='word_1_17' title='bbox 306 1038 409 1122; x_wconf 86' lang='lat' dir='ltr'><strong>nobis,</strong></span> <span class='ocrx_word' id='word_1_18' title='bbox 439 1038 540 1124; x_wconf 85' lang='lat' dir='ltr'>ipsam</span> <span class='ocrx_word' id='word_1_19' title='bbox 570 1036 610 1102; x_wconf 91' lang='lat' dir='ltr'><strong>ad</strong></span> <span class='ocrx_word' id='word_1_20' title='bbox 643 1060 699 1102; x_wconf 92' lang='lat' dir='ltr'><strong>uos</strong></span> <span class='ocrx_word' id='word_1_21' title='bbox 736 1036 888 1102; x_wconf 90' lang='lat' dir='ltr'><strong>duximus</strong></span> <span class='ocrx_word' id='word_1_22' title='bbox 926 1037 1148 1102; x_wconf 79' lang='lat' dir='ltr'>remittendam</span> <span class='ocrx_word' id='word_1_23' title='bbox 1187 1038 1372 1102; x_wconf 88' lang='lat' dir='ltr'><strong>auctoritate</strong></span> 
     </span>
     <span class='ocr_line' id='line_1_5' title="bbox 170 1141 1372 1228; baseline -0.001 -21"><span class='ocrx_word' id='word_1_24' title='bbox 170 1142 292 1207; x_wconf 94' lang='lat' dir='ltr'><strong>domini</strong></span> <span class='ocrx_word' id='word_1_25' title='bbox 309 1165 390 1228; x_wconf 91' lang='lat' dir='ltr'><strong>pape</strong></span> <span class='ocrx_word' id='word_1_26' title='bbox 412 1150 514 1207; x_wconf 89' lang='lat' dir='ltr'><strong>uestre</strong></span> <span class='ocrx_word' id='word_1_27' title='bbox 536 1141 735 1227; x_wconf 88' lang='lat' dir='ltr'><strong>prouidentie</strong></span> <span class='ocrx_word' id='word_1_28' title='bbox 758 1141 989 1206; x_wconf 82' lang='lat' dir='ltr'><strong>committentes</strong></span> <span class='ocrx_word' id='word_1_29' title='bbox 1004 1151 1161 1228; x_wconf 89' lang='lat' dir='ltr'><strong>quatenus</strong></span> <span class='ocrx_word' id='word_1_30' title='bbox 1176 1141 1372 1207; x_wconf 90' lang='lat' dir='ltr'><strong>confessione</strong></span> 
     </span>
     <span class='ocr_line' id='line_1_6' title="bbox 172 1245 1372 1332; baseline 0 -22"><span class='ocrx_word' id='word_1_31' title='bbox 172 1247 270 1332; x_wconf 90' lang='lat' dir='ltr'><strong>ipsius</strong></span> <span class='ocrx_word' id='word_1_32' title='bbox 295 1245 465 1332; x_wconf 85' lang='lat' dir='ltr'><strong>diligenter</strong></span> <span class='ocrx_word' id='word_1_33' title='bbox 486 1245 595 1310; x_wconf 88' lang='lat' dir='ltr'><strong>audita</strong></span> <span class='ocrx_word' id='word_1_34' title='bbox 618 1245 644 1309; x_wconf 93' lang='lat' dir='ltr'><strong>si</strong></span> <span class='ocrx_word' id='word_1_35' title='bbox 669 1269 710 1310; x_wconf 89' lang='lat' dir='ltr'><strong>ex</strong></span> <span class='ocrx_word' id='word_1_36' title='bbox 734 1245 796 1310; x_wconf 89' lang='lat' dir='ltr'><strong>hiis</strong></span> <span class='ocrx_word' id='word_1_37' title='bbox 820 1268 883 1332; x_wconf 90' lang='lat' dir='ltr'><strong>que</strong></span> <span class='ocrx_word' id='word_1_38' title='bbox 907 1245 1016 1310; x_wconf 88' lang='lat' dir='ltr'><strong>cedula</strong></span> <span class='ocrx_word' id='word_1_39' title='bbox 1040 1246 1179 1311; x_wconf 89' lang='lat' dir='ltr'><strong>continet</strong></span> <span class='ocrx_word' id='word_1_40' title='bbox 1202 1246 1372 1310; x_wconf 88' lang='lat' dir='ltr'><strong>interclusa</strong></span> 
     </span>
     <span class='ocr_line' id='line_1_7' title="bbox 171 1349 1374 1437; baseline 0 -23"><span class='ocrx_word' id='word_1_41' title='bbox 171 1350 369 1437; x_wconf 73' lang='lat' dir='ltr'><strong>presentibus</strong></span> <span class='ocrx_word' id='word_1_42' title='bbox 395 1350 582 1415; x_wconf 85' lang='lat' dir='ltr'><strong>sententiam</strong></span> <span class='ocrx_word' id='word_1_43' title='bbox 606 1349 939 1415; x_wconf 81' lang='lat' dir='ltr'><strong>excommunicationis</strong></span> <span class='ocrx_word' id='word_1_44' title='bbox 963 1351 997 1413; x_wconf 91' lang='lat' dir='ltr'><strong>in</strong></span> <span class='ocrx_word' id='word_1_45' title='bbox 1023 1349 1166 1415; x_wconf 82' lang='lat' dir='ltr'><strong>falsarios</strong></span> <span class='ocrx_word' id='word_1_46' title='bbox 1188 1349 1374 1436; x_wconf 83' lang='lat' dir='ltr'><strong>promulga-</strong></span> 
     </span>
     <span class='ocr_line' id='line_1_8' title="bbox 170 1443 1372 1533; baseline -0.002 -13"><span class='ocrx_word' id='word_1_47' title='bbox 170 1465 235 1520; x_wconf 88' lang='lat' dir='ltr'><strong>tam</strong></span> <span class='ocrx_word' id='word_1_48' title='bbox 274 1443 418 1533; x_wconf 85' lang='lat' dir='ltr'><strong>incurrit,</strong></span> <span class='ocrx_word' id='word_1_49' title='bbox 449 1452 494 1523; x_wconf 90' lang='lat' dir='ltr'><strong>de</strong></span> <span class='ocrx_word' id='word_1_50' title='bbox 525 1453 734 1519; x_wconf 86' lang='lat' dir='ltr'><strong>absolutionis</strong></span> <span class='ocrx_word' id='word_1_51' title='bbox 767 1453 917 1519; x_wconf 89' lang='lat' dir='ltr'><strong>beneficio</strong></span> <span class='ocrx_word' id='word_1_52' title='bbox 954 1455 1044 1518; x_wconf 89' lang='lat' dir='ltr'><strong>iuxta</strong></span> <span class='ocrx_word' id='word_1_53' title='bbox 1077 1455 1212 1519; x_wconf 88' lang='lat' dir='ltr'><strong>formam</strong></span> <span class='ocrx_word' id='word_1_54' title='bbox 1247 1454 1372 1519; x_wconf 82' lang='lat' dir='ltr'><strong>ecclesie</strong></span> 
     </span>
     <span class='ocr_line' id='line_1_9' title="bbox 171 1557 1374 1644; baseline 0.001 -22"><span class='ocrx_word' id='word_1_55' title='bbox 171 1557 367 1644; x_wconf 87' lang='lat' dir='ltr'><strong>prouideatis</strong></span> <span class='ocrx_word' id='word_1_56' title='bbox 392 1557 503 1642; x_wconf 87' lang='lat' dir='ltr'><strong>eidem,</strong></span> <span class='ocrx_word' id='word_1_57' title='bbox 527 1559 670 1623; x_wconf 90' lang='lat' dir='ltr'><strong>iniuncto</strong></span> <span class='ocrx_word' id='word_1_58' title='bbox 696 1558 724 1622; x_wconf 89' lang='lat' dir='ltr'><strong>ei</strong></span> <span class='ocrx_word' id='word_1_59' title='bbox 751 1557 835 1644; x_wconf 92' lang='lat' dir='ltr'><strong>quod</strong></span> <span class='ocrx_word' id='word_1_60' title='bbox 864 1557 1008 1623; x_wconf 90' lang='lat' dir='ltr'><strong>uideritis</strong></span> <span class='ocrx_word' id='word_1_61' title='bbox 1036 1558 1277 1644; x_wconf 85' lang='lat' dir='ltr'><strong>iniungendum,</strong></span> <span class='ocrx_word' id='word_1_62' title='bbox 1302 1581 1374 1623; x_wconf 90' lang='lat' dir='ltr'><strong>sen-</strong></span> 
     </span>
     <span class='ocr_line' id='line_1_10' title="bbox 170 1662 1373 1748; baseline -0.001 -20"><span class='ocrx_word' id='word_1_63' title='bbox 170 1663 304 1728; x_wconf 80' lang='lat' dir='ltr'><strong>tentiam</strong></span> <span class='ocrx_word' id='word_1_64' title='bbox 319 1662 546 1728; x_wconf 81' lang='lat' dir='ltr'><strong>nichilominus</strong></span> <span class='ocrx_word' id='word_1_65' title='bbox 570 1670 707 1727; x_wconf 88' lang='lat' dir='ltr'><strong>uestram</strong></span> <span class='ocrx_word' id='word_1_66' title='bbox 730 1663 812 1727; x_wconf 90' lang='lat' dir='ltr'><strong>circa</strong></span> <span class='ocrx_word' id='word_1_67' title='bbox 827 1663 928 1748; x_wconf 87' lang='lat' dir='ltr'><strong>ipsam</strong></span> <span class='ocrx_word' id='word_1_68' title='bbox 945 1672 1041 1748; x_wconf 89' lang='lat' dir='ltr'><strong>prout</strong></span> <span class='ocrx_word' id='word_1_69' title='bbox 1056 1662 1204 1748; x_wconf 83' lang='lat' dir='ltr'><strong>expedire</strong></span> <span class='ocrx_word' id='word_1_70' title='bbox 1227 1662 1373 1727; x_wconf 88' lang='lat' dir='ltr'><strong>uideritis</strong></span> 
     </span>
     <span class='ocr_line' id='line_1_11' title="bbox 173 1766 619 1833; baseline 0.004 -3"><span class='ocrx_word' id='word_1_71' title='bbox 173 1766 415 1833; x_wconf 87' lang='lat' dir='ltr'><strong>misericorditer</strong></span> <span class='ocrx_word' id='word_1_72' title='bbox 431 1766 619 1832; x_wconf 84' lang='lat' dir='ltr'><strong>relaxantes.</strong></span> 
     </span>
    </p>
   </div>
   <div class='ocr_carea' id='block_1_4' title="bbox 628 1905 915 1992">
    <p class='ocr_par' dir='ltr' id='par_1_4' title="bbox 628 1905 915 1992">
     <span class='ocr_line' id='line_1_12' title="bbox 628 1905 915 1992; baseline 0.007 -24"><span class='ocrx_word' id='word_1_73' title='bbox 628 1923 677 1968; x_wconf 80' lang='lat' dir='ltr'><strong>aa</strong></span> <span class='ocrx_word' id='word_1_74' title='bbox 700 1923 832 1970; x_wconf 77' lang='lat' dir='ltr'><strong>nonan.</strong></span> <span class='ocrx_word' id='word_1_75' title='bbox 856 1905 915 1992; x_wconf 89' lang='lat'><strong>(3).</strong></span> 
     </span>
    </p>
   </div>
   <div class='ocr_carea' id='block_1_5' title="bbox 170 2079 1375 3294">
    <p class='ocr_par' dir='ltr' id='par_1_5' title="bbox 170 2079 1375 3294">
     <span class='ocr_line' id='line_1_13' title="bbox 215 2079 1373 2146; baseline 0 -2"><span class='ocrx_word' id='word_1_76' title='bbox 215 2079 339 2144; x_wconf 84' lang='lat' dir='ltr'><strong>Abbati</strong></span> <span class='ocrx_word' id='word_1_77' title='bbox 365 2117 496 2130; x_wconf 93' lang='grc'><strong>--</strong></span> <span class='ocrx_word' id='word_1_78' title='bbox 522 2089 627 2144; x_wconf 89' lang='lat' dir='ltr'><strong>sancte</strong></span> <span class='ocrx_word' id='word_1_79' title='bbox 655 2079 823 2145; x_wconf 79' lang='lat' dir='ltr'><strong>Catherine</strong></span> <span class='ocrx_word' id='word_1_80' title='bbox 849 2080 889 2144; x_wconf 93' lang='lat' dir='ltr'><strong>de</strong></span> <span class='ocrx_word' id='word_1_81' title='bbox 915 2089 1022 2146; x_wconf 87' lang='lat' dir='ltr'><strong>monte</strong></span> <span class='ocrx_word' id='word_1_82' title='bbox 1052 2091 1142 2144; x_wconf 88' lang='lat' dir='ltr'><strong>extra</strong></span> <span class='ocrx_word' id='word_1_83' title='bbox 1173 2102 1280 2145; x_wconf 88' lang='lat' dir='ltr'><strong>muros</strong></span> <span class='ocrx_word' id='word_1_84' title='bbox 1308 2080 1373 2144; x_wconf 85' lang='lat' dir='ltr'><strong>Ro-</strong></span> 
     </span>
     <span class='ocr_line' id='line_1_14' title="bbox 171 2182 1374 2271; baseline -0.002 -21"><span class='ocrx_word' id='word_1_85' title='bbox 171 2182 336 2270; x_wconf 82' lang='lat' dir='ltr'><strong>thomagi.¹</strong></span> <span class='ocrx_word' id='word_1_86' title='bbox 394 2222 523 2234; x_wconf 89' lang='lat'>—</span> <span class='ocrx_word' id='word_1_87' title='bbox 549 2185 742 2271; x_wconf 87' lang='lat' dir='ltr'><strong>presentium</strong></span> <span class='ocrx_word' id='word_1_88' title='bbox 771 2185 852 2250; x_wconf 91' lang='lat' dir='ltr'><strong>lator</strong></span> <span class='ocrx_word' id='word_1_89' title='bbox 879 2185 1051 2250; x_wconf 91' lang='lat' dir='ltr'><strong>monachus</strong></span> <span class='ocrx_word' id='word_1_90' title='bbox 1079 2194 1182 2249; x_wconf 76' lang='lat' dir='ltr'><strong>uester</strong></span> <span class='ocrx_word' id='word_1_91' title='bbox 1208 2184 1374 2270; x_wconf 88' lang='lat' dir='ltr'><strong>proposuit</strong></span> 
     </span>
     <span class='ocr_line' id='line_1_15' title="bbox 170 2287 1373 2375; baseline -0.002 -21"><span class='ocrx_word' id='word_1_92' title='bbox 170 2311 277 2354; x_wconf 89' lang='lat' dir='ltr'><strong>coram</strong></span> <span class='ocrx_word' id='word_1_93' title='bbox 293 2288 384 2354; x_wconf 87' lang='lat' dir='ltr'><strong>nobis</strong></span> <span class='ocrx_word' id='word_1_94' title='bbox 406 2287 492 2375; x_wconf 93' lang='lat' dir='ltr'><strong>quod</strong></span> <span class='ocrx_word' id='word_1_95' title='bbox 508 2312 580 2354; x_wconf 90' lang='lat' dir='ltr'><strong>cum</strong></span> <span class='ocrx_word' id='word_1_96' title='bbox 595 2289 673 2354; x_wconf 92' lang='lat' dir='ltr'><strong>olim</strong></span> <span class='ocrx_word' id='word_1_97' title='bbox 689 2289 755 2374; x_wconf 92' lang='lat' dir='ltr'><strong>ipse</strong></span> <span class='ocrx_word' id='word_1_98' title='bbox 770 2311 806 2353; x_wconf 91' lang='lat' dir='ltr'><strong>ac</strong></span> <span class='ocrx_word' id='word_1_99' title='bbox 828 2289 959 2375; x_wconf 87' lang='lat' dir='ltr'><strong>quidam</strong></span> <span class='ocrx_word' id='word_1_100' title='bbox 976 2288 1058 2353; x_wconf 89' lang='lat' dir='ltr'><strong>alius</strong></span> <span class='ocrx_word' id='word_1_101' title='bbox 1075 2289 1248 2354; x_wconf 91' lang='lat' dir='ltr'><strong>monachus</strong></span> <span class='ocrx_word' id='word_1_102' title='bbox 1264 2298 1373 2353; x_wconf 90' lang='lat' dir='ltr'><strong>eontra</strong></span> 
     </span>
     <span class='ocr_line' id='line_1_16' title="bbox 172 2391 1373 2479; baseline -0.001 -22"><span class='ocrx_word' id='word_1_103' title='bbox 172 2392 418 2479; x_wconf 85' lang='lat' dir='ltr'><strong>predecessorem</strong></span> <span class='ocrx_word' id='word_1_104' title='bbox 442 2401 584 2457; x_wconf 87' lang='lat' dir='ltr'><strong>uestrum</strong></span> <span class='ocrx_word' id='word_1_105' title='bbox 607 2393 821 2479; x_wconf 89' lang='lat' dir='ltr'><strong>inquisitionis</strong></span> <span class='ocrx_word' id='word_1_106' title='bbox 843 2393 964 2457; x_wconf 86' lang='lat' dir='ltr'><strong>litteras</strong></span> <span class='ocrx_word' id='word_1_107' title='bbox 987 2416 1006 2457; x_wconf 93' lang='lat' dir='ltr'><strong>a</strong></span> <span class='ocrx_word' id='word_1_108' title='bbox 1028 2391 1100 2457; x_wconf 92' lang='lat' dir='ltr'><strong>sede</strong></span> <span class='ocrx_word' id='word_1_109' title='bbox 1121 2393 1293 2478; x_wconf 88' lang='lat' dir='ltr'><strong>apostolica</strong></span> <span class='ocrx_word' id='word_1_110' title='bbox 1316 2393 1373 2456; x_wconf 92' lang='lat' dir='ltr'><strong>im-</strong></span> 
     </span>
     <span class='ocr_line' id='line_1_17' title="bbox 172 2496 1373 2584; baseline 0 -23"><span class='ocrx_word' id='word_1_111' title='bbox 172 2506 334 2584; x_wconf 87' lang='lat' dir='ltr'><strong>petrasset,</strong></span> <span class='ocrx_word' id='word_1_112' title='bbox 357 2497 441 2582; x_wconf 86' lang='lat' dir='ltr'><strong>ipsas</strong></span> <span class='ocrx_word' id='word_1_113' title='bbox 463 2497 497 2560; x_wconf 93' lang='lat' dir='ltr'><strong>in</strong></span> <span class='ocrx_word' id='word_1_114' title='bbox 519 2497 586 2562; x_wconf 88' lang='lat' dir='ltr'><strong>eius</strong></span> <span class='ocrx_word' id='word_1_115' title='bbox 610 2497 757 2562; x_wconf 91' lang='lat' dir='ltr'><strong>manibus</strong></span> <span class='ocrx_word' id='word_1_116' title='bbox 780 2497 963 2582; x_wconf 85' lang='lat' dir='ltr'><strong>resignauit,</strong></span> <span class='ocrx_word' id='word_1_117' title='bbox 979 2497 1070 2562; x_wconf 88' lang='lat' dir='ltr'><strong>nullo</strong></span> <span class='ocrx_word' id='word_1_118' title='bbox 1093 2520 1239 2582; x_wconf 84' lang='lat' dir='ltr'><strong>processu</strong></span> <span class='ocrx_word' id='word_1_119' title='bbox 1263 2496 1373 2561; x_wconf 88' lang='lat' dir='ltr'><strong>habito</strong></span> 
     </span>
     <span class='ocr_line' id='line_1_18' title="bbox 174 2599 1373 2689; baseline 0 -23"><span class='ocrx_word' id='word_1_120' title='bbox 174 2625 229 2688; x_wconf 91' lang='lat' dir='ltr'><strong>per</strong></span> <span class='ocrx_word' id='word_1_121' title='bbox 244 2601 378 2666; x_wconf 88' lang='lat' dir='ltr'><strong>easdem.</strong></span> <span class='ocrx_word' id='word_1_122' title='bbox 424 2599 549 2665; x_wconf 85' lang='lat' dir='ltr'><strong>Verum</strong></span> <span class='ocrx_word' id='word_1_123' title='bbox 565 2602 640 2688; x_wconf 90' lang='lat' dir='ltr'><strong>quia</strong></span> <span class='ocrx_word' id='word_1_124' title='bbox 658 2624 697 2666; x_wconf 91' lang='lat' dir='ltr'><strong>ex</strong></span> <span class='ocrx_word' id='word_1_125' title='bbox 720 2625 760 2689; x_wconf 25' lang='lat' dir='ltr'><strong>eo·</strong></span> <span class='ocrx_word' id='word_1_126' title='bbox 779 2600 846 2667; x_wconf 92' lang='lat' dir='ltr'><strong>solo</strong></span> <span class='ocrx_word' id='word_1_127' title='bbox 868 2601 996 2689; x_wconf 90' lang='lat' dir='ltr'><strong>culpam</strong></span> <span class='ocrx_word' id='word_1_128' title='bbox 1015 2602 1165 2666; x_wconf 89' lang='lat' dir='ltr'><strong>asseritur</strong></span> <span class='ocrx_word' id='word_1_129' title='bbox 1180 2601 1373 2671; x_wconf 85' lang='lat' dir='ltr'><strong>contraxisse</strong></span> 
     </span>
     <span class='ocr_line' id='line_1_19' title="bbox 173 2701 1373 2792; baseline -0.001 -21"><span class='ocrx_word' id='word_1_130' title='bbox 173 2705 260 2792; x_wconf 90' lang='lat' dir='ltr'><strong>quod</strong></span> <span class='ocrx_word' id='word_1_131' title='bbox 275 2714 459 2791; x_wconf 88' lang='lat' dir='ltr'><strong>procurator</strong></span> <span class='ocrx_word' id='word_1_132' title='bbox 473 2704 613 2770; x_wconf 90' lang='lat' dir='ltr'><strong>eiusdem</strong></span> <span class='ocrx_word' id='word_1_133' title='bbox 627 2706 750 2770; x_wconf 90' lang='lat' dir='ltr'><strong>abbatis</strong></span> <span class='ocrx_word' id='word_1_134' title='bbox 766 2706 904 2771; x_wconf 84' lang='lat' dir='ltr'><strong>existens</strong></span> <span class='ocrx_word' id='word_1_135' title='bbox 927 2707 961 2770; x_wconf 92' lang='lat' dir='ltr'><strong>in</strong></span> <span class='ocrx_word' id='word_1_136' title='bbox 977 2701 1064 2770; x_wconf 85' lang='lat' dir='ltr'><strong>curia</strong></span> <span class='ocrx_word' id='word_1_137' title='bbox 1080 2706 1236 2792; x_wconf 89' lang='lat' dir='ltr'><strong>predictas</strong></span> <span class='ocrx_word' id='word_1_138' title='bbox 1252 2705 1373 2770; x_wconf 89' lang='lat' dir='ltr'><strong>litteras</strong></span> 
     </span>
     <span class='ocr_line' id='line_1_20' title="bbox 174 2808 1373 2897; baseline -0.001 -24"><span class='ocrx_word' id='word_1_139' title='bbox 174 2810 207 2874; x_wconf 92' lang='lat' dir='ltr'><strong>in</strong></span> <span class='ocrx_word' id='word_1_140' title='bbox 222 2809 382 2875; x_wconf 88' lang='lat' dir='ltr'><strong>audientia</strong></span> <span class='ocrx_word' id='word_1_141' title='bbox 397 2808 524 2896; x_wconf 91' lang='lat' dir='ltr'><strong>publica</strong></span> <span class='ocrx_word' id='word_1_142' title='bbox 538 2833 603 2875; x_wconf 95' lang='lat' dir='ltr'><strong>non</strong></span> <span class='ocrx_word' id='word_1_143' title='bbox 617 2808 752 2894; x_wconf 87' lang='lat' dir='ltr'><strong>audiuit,</strong></span> <span class='ocrx_word' id='word_1_144' title='bbox 768 2811 914 2897; x_wconf 89' lang='lat' dir='ltr'><strong>quamuis</strong></span> <span class='ocrx_word' id='word_1_145' title='bbox 930 2833 1003 2876; x_wconf 88' lang='lat' dir='ltr'><strong>uere</strong></span> <span class='ocrx_word' id='word_1_146' title='bbox 1016 2820 1118 2875; x_wconf 87' lang='lat' dir='ltr'><strong>essent</strong></span> <span class='ocrx_word' id='word_1_147' title='bbox 1133 2820 1164 2875; x_wconf 92' lang='lat' dir='ltr'><strong>et</strong></span> <span class='ocrx_word' id='word_1_148' title='bbox 1180 2809 1269 2874; x_wconf 90' lang='lat' dir='ltr'><strong>nulla</strong></span> <span class='ocrx_word' id='word_1_149' title='bbox 1286 2809 1373 2874; x_wconf 88' lang='lat' dir='ltr'><strong>falsi-</strong></span> 
     </span>
     <span class='ocr_line' id='line_1_21' title="bbox 173 2913 1374 3001; baseline -0.002 -21"><span class='ocrx_word' id='word_1_150' title='bbox 173 2924 237 2980; x_wconf 87' lang='lat' dir='ltr'><strong>tate</strong></span> <span class='ocrx_word' id='word_1_151' title='bbox 258 2914 423 2990; x_wconf 87' lang='lat' dir='ltr'><strong>notabiles,</strong></span> <span class='ocrx_word' id='word_1_152' title='bbox 446 2914 552 3000; x_wconf 88' lang='lat' dir='ltr'><strong>ipsum</strong></span> <span class='ocrx_word' id='word_1_153' title='bbox 574 2913 614 2977; x_wconf 91' lang='lat' dir='ltr'><strong>ad</strong></span> <span class='ocrx_word' id='word_1_154' title='bbox 637 2913 742 2979; x_wconf 88' lang='lat' dir='ltr'><strong>sedem</strong></span> <span class='ocrx_word' id='word_1_155' title='bbox 764 2914 969 3001; x_wconf 87' lang='lat' dir='ltr'><strong>apostolicam</strong></span> <span class='ocrx_word' id='word_1_156' title='bbox 992 2915 1214 2980; x_wconf 89' lang='lat' dir='ltr'><strong>transmisistis</strong></span> <span class='ocrx_word' id='word_1_157' title='bbox 1236 2913 1374 2979; x_wconf 85' lang='lat' dir='ltr'><strong>salutare</strong></span> 
     </span>
     <span class='ocr_line' id='line_1_22' title="bbox 173 3018 1375 3105; baseline -0.002 -20"><span class='ocrx_word' id='word_1_158' title='bbox 173 3019 341 3085; x_wconf 85' lang='lat' dir='ltr'><strong>consilium</strong></span> <span class='ocrx_word' id='word_1_159' title='bbox 364 3018 549 3105; x_wconf 87' lang='lat' dir='ltr'><strong>petiturum.</strong></span> <span class='ocrx_word' id='word_1_160' title='bbox 597 3019 684 3097; x_wconf 78' lang='lat' dir='ltr'><strong>Quia</strong></span> <span class='ocrx_word' id='word_1_161' title='bbox 701 3042 776 3084; x_wconf 90' lang='lat' dir='ltr'><strong>uero</strong></span> <span class='ocrx_word' id='word_1_162' title='bbox 792 3023 831 3083; x_wconf 90' lang='lat' dir='ltr'><strong>ex</strong></span> <span class='ocrx_word' id='word_1_163' title='bbox 855 3020 1076 3105; x_wconf 87' lang='lat' dir='ltr'><strong>impetratione</strong></span> <span class='ocrx_word' id='word_1_164' title='bbox 1099 3018 1238 3104; x_wconf 90' lang='lat' dir='ltr'><strong>predicta</strong></span> <span class='ocrx_word' id='word_1_165' title='bbox 1254 3020 1286 3082; x_wconf 94' lang='lat' dir='ltr'><strong>in</strong></span> <span class='ocrx_word' id='word_1_166' title='bbox 1304 3041 1375 3104; x_wconf 88' lang='lat' dir='ltr'><strong>pre-</strong></span> 
     </span>
     <span class='ocr_line' id='line_1_23' title="bbox 174 3119 1371 3209; baseline -0.001 -22"><span class='ocrx_word' id='word_1_167' title='bbox 174 3123 239 3188; x_wconf 87' lang='lat' dir='ltr'><strong>fato</strong></span> <span class='ocrx_word' id='word_1_168' title='bbox 253 3123 291 3190; x_wconf 91' lang='grc' dir='ltr'><strong>Β.</strong></span> <span class='ocrx_word' id='word_1_169' title='bbox 306 3119 374 3188; x_wconf 91' lang='lat' dir='ltr'><strong>non</strong></span> <span class='ocrx_word' id='word_1_170' title='bbox 386 3123 567 3188; x_wconf 88' lang='lat' dir='ltr'><strong>inuenimns</strong></span> <span class='ocrx_word' id='word_1_171' title='bbox 582 3121 708 3208; x_wconf 89' lang='lat' dir='ltr'><strong>culpam</strong></span> <span class='ocrx_word' id='word_1_172' title='bbox 724 3123 753 3187; x_wconf 92' lang='lat' dir='ltr'><strong>ei</strong></span> <span class='ocrx_word' id='word_1_173' title='bbox 768 3146 833 3189; x_wconf 94' lang='lat' dir='ltr'><strong>non</strong></span> <span class='ocrx_word' id='word_1_174' title='bbox 849 3124 1016 3188; x_wconf 87' lang='lat' dir='ltr'><strong>intulimus</strong></span> <span class='ocrx_word' id='word_1_175' title='bbox 1038 3146 1164 3209; x_wconf 83' lang='lat' dir='ltr'><strong>penam,</strong></span> <span class='ocrx_word' id='word_1_176' title='bbox 1181 3122 1316 3188; x_wconf 89' lang='lat' dir='ltr'><strong>eundem</strong></span> <span class='ocrx_word' id='word_1_177' title='bbox 1332 3122 1371 3187; x_wconf 86' lang='lat' dir='ltr'><strong>ad</strong></span> 
     </span>
     <span class='ocr_line' id='line_1_24' title="bbox 173 3227 731 3294; baseline 0 -1"><span class='ocrx_word' id='word_1_178' title='bbox 173 3250 267 3293; x_wconf 89' lang='lat' dir='ltr'><strong>suum</strong></span> <span class='ocrx_word' id='word_1_179' title='bbox 283 3227 511 3292; x_wconf 89' lang='lat' dir='ltr'><strong>monasterium</strong></span> <span class='ocrx_word' id='word_1_180' title='bbox 527 3227 731 3294; x_wconf 86' lang='lat' dir='ltr'><strong>remittentes</strong></span> 
     </span>
    </p>
   </div>
   <div class='ocr_carea' id='block_1_6' title="bbox 634 3421 920 3503">
    <p class='ocr_par' dir='ltr' id='par_1_6' title="bbox 634 3421 920 3503">
     <span class='ocr_line' id='line_1_25' title="bbox 634 3421 920 3503; baseline 0.003 -19"><span class='ocrx_word' id='word_1_181' title='bbox 634 3439 683 3484; x_wconf 80' lang='lat' dir='ltr'><strong>na</strong></span> <span class='ocrx_word' id='word_1_182' title='bbox 706 3439 838 3485; x_wconf 79' lang='lat' dir='ltr'><strong>nonan.</strong></span> <span class='ocrx_word' id='word_1_183' title='bbox 864 3421 920 3503; x_wconf 88' lang='grc'>(4).</span> 
     </span>
    </p>
   </div>
   <div class='ocr_carea' id='block_1_7' title="bbox 172 3574 1375 4100">
    <p class='ocr_par' dir='ltr' id='par_1_7' title="bbox 172 3574 1375 4100">
     <span class='ocr_line' id='line_1_26' title="bbox 216 3574 1374 3682; baseline -0.001 -23"><span class='ocrx_word' id='word_1_184' title='bbox 216 3595 468 3682; x_wconf 72' lang='lat' dir='ltr'><strong>archiepiscopo</strong></span> <span class='ocrx_word' id='word_1_185' title='bbox 490 3604 521 3660; x_wconf 73' lang='lat' dir='ltr'><strong>a</strong></span> <span class='ocrx_word' id='word_1_186' title='bbox 538 3574 661 3660; x_wconf 74' lang='lat' dir='ltr'><strong>Abbiti</strong></span> <span class='ocrx_word' id='word_1_187' title='bbox 684 3595 783 3659; x_wconf 73' lang='lat' dir='ltr'><strong>sanai</strong></span> <span class='ocrx_word' id='word_1_188' title='bbox 807 3595 977 3661; x_wconf 62' lang='lat' dir='ltr'><strong>cariosae</strong></span> <span class='ocrx_word' id='word_1_189' title='bbox 1000 3595 1204 3681; x_wconf 69' lang='lat' dir='ltr'><strong>rothomagi.</strong></span> <span class='ocrx_word' id='word_1_190' title='bbox 1253 3594 1374 3659; x_wconf 75' lang='lat' dir='ltr'><strong>Auara</strong></span> 
     </span>
     <span class='ocr_line' id='line_1_27' title="bbox 173 3699 1374 3785; baseline -0.002 -20"><span class='ocrx_word' id='word_1_191' title='bbox 173 3700 368 3766; x_wconf 86' lang='lat' dir='ltr'><strong>confessione</strong></span> <span class='ocrx_word' id='word_1_192' title='bbox 387 3699 658 3764; x_wconf 87' lang='lat' dir='ltr'><strong>—diaconi</strong></span> <span class='ocrx_word' id='word_1_193' title='bbox 682 3700 826 3765; x_wconf 92' lang='lat' dir='ltr'><strong>monachi</strong></span> <span class='ocrx_word' id='word_1_194' title='bbox 851 3699 960 3765; x_wconf 89' lang='lat' dir='ltr'><strong>latoris</strong></span> <span class='ocrx_word' id='word_1_195' title='bbox 983 3701 1188 3785; x_wconf 84' lang='lat' dir='ltr'><strong>presentium,</strong></span> <span class='ocrx_word' id='word_1_196' title='bbox 1205 3700 1310 3785; x_wconf 88' lang='lat' dir='ltr'><strong>ipsum</strong></span> <span class='ocrx_word' id='word_1_197' title='bbox 1334 3699 1374 3763; x_wconf 90' lang='lat' dir='ltr'><strong>ab</strong></span> 
     </span>
     <span class='ocr_line' id='line_1_28' title="bbox 172 3803 1373 3871; baseline -0.001 -1"><span class='ocrx_word' id='word_1_198' title='bbox 172 3803 498 3871; x_wconf 86' lang='lat' dir='ltr'><strong>excommunicatione</strong></span> <span class='ocrx_word' id='word_1_199' title='bbox 513 3805 603 3868; x_wconf 87' lang='lat' dir='ltr'><strong>iuxta</strong></span> <span class='ocrx_word' id='word_1_200' title='bbox 620 3804 755 3869; x_wconf 88' lang='lat' dir='ltr'><strong>formam</strong></span> <span class='ocrx_word' id='word_1_201' title='bbox 767 3804 892 3869; x_wconf 88' lang='lat' dir='ltr'><strong>ecclesie</strong></span> <span class='ocrx_word' id='word_1_202' title='bbox 907 3805 1088 3870; x_wconf 88' lang='lat' dir='ltr'><strong>absolutum</strong></span> <span class='ocrx_word' id='word_1_203' title='bbox 1100 3804 1140 3868; x_wconf 91' lang='lat' dir='ltr'><strong>ad</strong></span> <span class='ocrx_word' id='word_1_204' title='bbox 1153 3827 1209 3869; x_wconf 89' lang='lat' dir='ltr'><strong>uos</strong></span> <span class='ocrx_word' id='word_1_205' title='bbox 1220 3804 1373 3869; x_wconf 90' lang='lat' dir='ltr'><strong>duximus</strong></span> 
     </span>
     <span class='ocr_line' id='line_1_29' title="bbox 172 3908 1375 3995; baseline -0.002 -21"><span class='ocrx_word' id='word_1_206' title='bbox 172 3908 398 3974; x_wconf 88' lang='lat' dir='ltr'><strong>remittendum</strong></span> <span class='ocrx_word' id='word_1_207' title='bbox 410 3911 594 3974; x_wconf 90' lang='lat' dir='ltr'><strong>auctoritate</strong></span> <span class='ocrx_word' id='word_1_208' title='bbox 606 3908 726 3973; x_wconf 91' lang='lat' dir='ltr'><strong>domini</strong></span> <span class='ocrx_word' id='word_1_209' title='bbox 743 3932 833 3995; x_wconf 81' lang='lat' dir='ltr'><strong>pape,</strong></span> <span class='ocrx_word' id='word_1_210' title='bbox 845 3918 947 3973; x_wconf 91' lang='lat' dir='ltr'><strong>uestre</strong></span> <span class='ocrx_word' id='word_1_211' title='bbox 963 3909 1161 3995; x_wconf 87' lang='lat' dir='ltr'><strong>prouidentie</strong></span> <span class='ocrx_word' id='word_1_212' title='bbox 1176 3910 1375 3974; x_wconf 90' lang='lat' dir='ltr'><strong>committen-</strong></span> 
     </span>
     <span class='ocr_line' id='line_1_30' title="bbox 172 4013 1374 4100; baseline -0.002 -21"><span class='ocrx_word' id='word_1_213' title='bbox 172 4022 219 4079; x_wconf 93' lang='lat' dir='ltr'><strong>tes</strong></span> <span class='ocrx_word' id='word_1_214' title='bbox 241 4022 397 4100; x_wconf 88' lang='lat' dir='ltr'><strong>quatenns</strong></span> <span class='ocrx_word' id='word_1_215' title='bbox 419 4015 446 4078; x_wconf 94' lang='lat' dir='ltr'><strong>si</strong></span> <span class='ocrx_word' id='word_1_216' title='bbox 468 4013 571 4078; x_wconf 91' lang='lat' dir='ltr'><strong>dictus</strong></span> <span class='ocrx_word' id='word_1_217' title='bbox 594 4013 741 4078; x_wconf 85' lang='lat' dir='ltr'><strong>falsitatis</strong></span> <span class='ocrx_word' id='word_1_218' title='bbox 765 4013 943 4077; x_wconf 88' lang='lat' dir='ltr'><strong>litterarum</strong></span> <span class='ocrx_word' id='word_1_219' title='bbox 966 4037 1045 4100; x_wconf 86' lang='lat' dir='ltr'><strong>quas</strong></span> <span class='ocrx_word' id='word_1_220' title='bbox 1067 4037 1085 4078; x_wconf 91' lang='lat' dir='ltr'><strong>a</strong></span> <span class='ocrx_word' id='word_1_221' title='bbox 1108 4013 1180 4078; x_wconf 89' lang='lat' dir='ltr'><strong>sede</strong></span> <span class='ocrx_word' id='word_1_222' title='bbox 1202 4013 1374 4099; x_wconf 88' lang='lat' dir='ltr'><strong>apostolica</strong></span> 
     </span>
    </p>
   </div>
   <div class='ocr_carea' id='block_1_8' title="bbox 172 4204 1377 4690">
    <p class='ocr_par' dir='ltr' id='par_1_8' title="bbox 172 4204 1377 4690">
     <span class='ocr_line' id='line_1_31' title="bbox 205 4204 1374 4271; baseline -0.001 -14"><span class='ocrx_word' id='word_1_223' title='bbox 205 4204 214 4235; x_wconf 91' lang='lat'>¹</span> <span class='ocrx_word' id='word_1_224' title='bbox 226 4205 285 4257; x_wconf 87' lang='lat' dir='ltr'><strong>The</strong></span> <span class='ocrx_word' id='word_1_225' title='bbox 297 4205 416 4271; x_wconf 84' lang='lat' dir='ltr'><strong>abbeyof</strong></span> <span class='ocrx_word' id='word_1_226' title='bbox 424 4205 460 4256; x_wconf 84' lang='lat' dir='ltr'><strong>St.</strong></span> <span class='ocrx_word' id='word_1_227' title='bbox 469 4206 618 4270; x_wconf 84' lang='lat' dir='ltr'><strong>Catherine,</strong></span> <span class='ocrx_word' id='word_1_228' title='bbox 627 4223 657 4256; x_wconf 93' lang='lat' dir='ltr'><strong>or</strong></span> <span class='ocrx_word' id='word_1_229' title='bbox 666 4205 756 4256; x_wconf 84' lang='lat' dir='ltr'><strong>Sainte</strong></span> <span class='ocrx_word' id='word_1_230' title='bbox 765 4205 868 4256; x_wconf 77' lang='lat' dir='ltr'><strong>Trinite</strong></span> <span class='ocrx_word' id='word_1_231' title='bbox 880 4204 915 4256; x_wconf 90' lang='lat' dir='ltr'><strong>du</strong></span> <span class='ocrx_word' id='word_1_232' title='bbox 928 4205 1005 4257; x_wconf 89' lang='lat' dir='ltr'><strong>Mont</strong></span> <span class='ocrx_word' id='word_1_233' title='bbox 1013 4224 1064 4256; x_wconf 88' lang='lat' dir='ltr'><strong>was</strong></span> <span class='ocrx_word' id='word_1_234' title='bbox 1077 4206 1191 4257; x_wconf 87' lang='lat' dir='ltr'><strong>founded</strong></span> <span class='ocrx_word' id='word_1_235' title='bbox 1204 4205 1313 4269; x_wconf 80' lang='lat' dir='ltr'><strong>in1030,</strong></span> <span class='ocrx_word' id='word_1_236' title='bbox 1323 4206 1374 4256; x_wconf 89' lang='lat' dir='ltr'><strong>and</strong></span> 
     </span>
     <span class='ocr_line' id='line_1_32' title="bbox 173 4289 1374 4355; baseline -0.001 -14"><span class='ocrx_word' id='word_1_237' title='bbox 173 4307 224 4341; x_wconf 88' lang='lat' dir='ltr'><strong>was</strong></span> <span class='ocrx_word' id='word_1_238' title='bbox 234 4289 373 4354; x_wconf 87' lang='lat' dir='ltr'><strong>destroyed</strong></span> <span class='ocrx_word' id='word_1_239' title='bbox 391 4289 502 4340; x_wconf 86' lang='lat' dir='ltr'><strong>towards</strong></span> <span class='ocrx_word' id='word_1_240' title='bbox 519 4289 564 4340; x_wconf 93' lang='lat' dir='ltr'><strong>the</strong></span> <span class='ocrx_word' id='word_1_241' title='bbox 582 4289 650 4340; x_wconf 89' lang='lat' dir='ltr'><strong>close</strong></span> <span class='ocrx_word' id='word_1_242' title='bbox 662 4290 692 4340; x_wconf 86' lang='lat' dir='ltr'><strong>of</strong></span> <span class='ocrx_word' id='word_1_243' title='bbox 707 4289 752 4340; x_wconf 88' lang='lat' dir='ltr'><strong>the</strong></span> <span class='ocrx_word' id='word_1_244' title='bbox 769 4289 903 4340; x_wconf 86' lang='lat' dir='ltr'><strong>sixteenth</strong></span> <span class='ocrx_word' id='word_1_245' title='bbox 916 4297 1025 4355; x_wconf 82' lang='lat' dir='ltr'><strong>century</strong></span> <span class='ocrx_word' id='word_1_246' title='bbox 1038 4290 1135 4355; x_wconf 81' lang='lat' dir='ltr'><strong>during</strong></span> <span class='ocrx_word' id='word_1_247' title='bbox 1147 4290 1193 4340; x_wconf 88' lang='lat' dir='ltr'><strong>the</strong></span> <span class='ocrx_word' id='word_1_248' title='bbox 1206 4307 1271 4339; x_wconf 79' lang='lat' dir='ltr'><strong>wars</strong></span> <span class='ocrx_word' id='word_1_249' title='bbox 1283 4290 1313 4340; x_wconf 88' lang='lat' dir='ltr'><strong>of</strong></span> <span class='ocrx_word' id='word_1_250' title='bbox 1329 4290 1374 4340; x_wconf 90' lang='lat' dir='ltr'><strong>the</strong></span> 
     </span>
     <span class='ocr_line' id='line_1_33' title="bbox 173 4370 1377 4440; baseline -0.002 -16"><span class='ocrx_word' id='word_1_251' title='bbox 173 4373 279 4440; x_wconf 72' lang='lat' dir='ltr'><strong>Ieague</strong></span> <span class='ocrx_word' id='word_1_252' title='bbox 293 4372 419 4439; x_wconf 70' lang='lat' dir='ltr'><strong>(Fisquet²</strong></span> <span class='ocrx_word' id='word_1_253' title='bbox 433 4373 471 4424; x_wconf 89' lang='lat' dir='ltr'><strong>Le</strong></span> <span class='ocrx_word' id='word_1_254' title='bbox 481 4370 590 4424; x_wconf 60' lang='lat' dir='ltr'><strong>&#39;Franco</strong></span> <span class='ocrx_word' id='word_1_255' title='bbox 608 4373 769 4436; x_wconf 66' lang='lat' dir='ltr'><strong>Pontificum,</strong></span> <span class='ocrx_word' id='word_1_256' title='bbox 784 4373 885 4436; x_wconf 80' lang='lat' dir='ltr'><strong>Rouen,</strong></span> <span class='ocrx_word' id='word_1_257' title='bbox 899 4390 923 4438; x_wconf 93' lang='lat' dir='ltr'><strong>p.</strong></span> <span class='ocrx_word' id='word_1_258' title='bbox 937 4374 1007 4435; x_wconf 70' lang='lat'>371).</span> <span class='ocrx_word' id='word_1_259' title='bbox 1047 4374 1072 4424; x_wconf 83' lang='lat' dir='ltr'><strong>lt</strong></span> <span class='ocrx_word' id='word_1_260' title='bbox 1084 4391 1135 4424; x_wconf 84' lang='lat' dir='ltr'><strong>was</strong></span> <span class='ocrx_word' id='word_1_261' title='bbox 1152 4391 1168 4424; x_wconf 89' lang='lat' dir='ltr'><strong>a</strong></span> <span class='ocrx_word' id='word_1_262' title='bbox 1180 4373 1335 4423; x_wconf 85' lang='lat' dir='ltr'><strong>foundation</strong></span> <span class='ocrx_word' id='word_1_263' title='bbox 1348 4374 1377 4422; x_wconf 89' lang='lat' dir='ltr'><strong>of</strong></span> 
     </span>
     <span class='ocr_line' id='line_1_34' title="bbox 172 4456 1374 4522; baseline -0.002 -14"><span class='ocrx_word' id='word_1_264' title='bbox 172 4473 243 4508; x_wconf 88' lang='lat' dir='ltr'><strong>some</strong></span> <span class='ocrx_word' id='word_1_265' title='bbox 263 4457 434 4522; x_wconf 88' lang='lat' dir='ltr'><strong>importance.</strong></span> <span class='ocrx_word' id='word_1_266' title='bbox 469 4457 513 4506; x_wconf 84' lang='lat' dir='ltr'><strong>An</strong></span> <span class='ocrx_word' id='word_1_267' title='bbox 534 4456 612 4507; x_wconf 89' lang='lat' dir='ltr'><strong>abbot</strong></span> <span class='ocrx_word' id='word_1_268' title='bbox 630 4457 660 4507; x_wconf 86' lang='lat' dir='ltr'><strong>of</strong></span> <span class='ocrx_word' id='word_1_269' title='bbox 679 4457 716 4507; x_wconf 82' lang='lat' dir='ltr'><strong>St.</strong></span> <span class='ocrx_word' id='word_1_270' title='bbox 735 4457 884 4519; x_wconf 73' lang='lat' dir='ltr'><strong>Camerino,</strong></span> <span class='ocrx_word' id='word_1_271' title='bbox 904 4457 932 4507; x_wconf 90' lang='lat' dir='ltr'><strong>in</strong></span> <span class='ocrx_word' id='word_1_272' title='bbox 956 4458 1027 4519; x_wconf 81' lang='grc'>1222,</span> <span class='ocrx_word' id='word_1_273' title='bbox 1047 4457 1142 4520; x_wconf 84' lang='lat' dir='ltr'><strong>figures</strong></span> <span class='ocrx_word' id='word_1_274' title='bbox 1162 4474 1190 4506; x_wconf 89' lang='lat' dir='ltr'><strong>as</strong></span> <span class='ocrx_word' id='word_1_275' title='bbox 1210 4473 1259 4507; x_wconf 86' lang='lat' dir='ltr'><strong>one</strong></span> <span class='ocrx_word' id='word_1_276' title='bbox 1280 4457 1310 4506; x_wconf 86' lang='lat' dir='ltr'><strong>os</strong></span> <span class='ocrx_word' id='word_1_277' title='bbox 1328 4456 1374 4506; x_wconf 88' lang='lat' dir='ltr'><strong>the</strong></span> 
     </span>
     <span class='ocr_line' id='line_1_35' title="bbox 172 4539 1373 4607; baseline 0 -17"><span class='ocrx_word' id='word_1_278' title='bbox 172 4541 286 4607; x_wconf 69' lang='lat' dir='ltr'><strong>prelatos</strong></span> <span class='ocrx_word' id='word_1_279' title='bbox 303 4539 447 4591; x_wconf 89' lang='lat' dir='ltr'><strong>concerned</strong></span> <span class='ocrx_word' id='word_1_280' title='bbox 464 4540 493 4590; x_wconf 92' lang='lat' dir='ltr'><strong>in</strong></span> <span class='ocrx_word' id='word_1_281' title='bbox 511 4540 557 4590; x_wconf 88' lang='lat' dir='ltr'><strong>the</strong></span> <span class='ocrx_word' id='word_1_282' title='bbox 574 4540 756 4591; x_wconf 85' lang='lat' dir='ltr'><strong>examination</strong></span> <span class='ocrx_word' id='word_1_283' title='bbox 774 4541 804 4589; x_wconf 88' lang='lat' dir='ltr'><strong>of</strong></span> <span class='ocrx_word' id='word_1_284' title='bbox 824 4539 942 4590; x_wconf 86' lang='lat' dir='ltr'><strong>Thibaut</strong></span> <span class='ocrx_word' id='word_1_285' title='bbox 959 4540 1103 4602; x_wconf 71' lang='lat' dir='ltr'><strong>d&#39;Amieus,</strong></span> <span class='ocrx_word' id='word_1_286' title='bbox 1123 4539 1282 4605; x_wconf 77' lang='lat' dir='ltr'><strong>melrbislrop</strong></span> <span class='ocrx_word' id='word_1_287' title='bbox 1300 4540 1373 4602; x_wconf 88' lang='lat' dir='ltr'><strong>elect,</strong></span> 
     </span>
     <span class='ocr_line' id='line_1_36' title="bbox 172 4623 1374 4690; baseline -0.001 -17"><span class='ocrx_word' id='word_1_288' title='bbox 172 4624 347 4690; x_wconf 87' lang='lat' dir='ltr'><strong>preliminary</strong></span> <span class='ocrx_word' id='word_1_289' title='bbox 365 4631 392 4674; x_wconf 91' lang='lat' dir='ltr'><strong>to</strong></span> <span class='ocrx_word' id='word_1_290' title='bbox 410 4623 453 4674; x_wconf 90' lang='lat' dir='ltr'><strong>his</strong></span> <span class='ocrx_word' id='word_1_291' title='bbox 469 4623 651 4675; x_wconf 89' lang='lat' dir='ltr'><strong>confirmation</strong></span> <span class='ocrx_word' id='word_1_292' title='bbox 670 4623 704 4689; x_wconf 87' lang='lat' dir='ltr'><strong>by</strong></span> <span class='ocrx_word' id='word_1_293' title='bbox 720 4623 856 4673; x_wconf 88' lang='lat' dir='ltr'><strong>Honorius</strong></span> <span class='ocrx_word' id='word_1_294' title='bbox 875 4624 927 4673; x_wconf 89' lang='lat' dir='ltr'>III.</span> <span class='ocrx_word' id='word_1_295' title='bbox 943 4624 1052 4687; x_wconf 74' lang='lat' dir='ltr'><strong>(Bossia,</strong></span> <span class='ocrx_word' id='word_1_296' title='bbox 1072 4623 1170 4674; x_wconf 80' lang='lat' dir='ltr'><strong>Coucil.</strong></span> <span class='ocrx_word' id='word_1_297' title='bbox 1190 4623 1374 4689; x_wconf 82' lang='lat' dir='ltr'><strong>Rotomagens.</strong></span> 
     </span>
    </p>
   </div>
   <div class='ocr_carea' id='block_1_9' title="bbox 174 4707 278 4771">
    <p class='ocr_par' dir='ltr' id='par_1_9' title="bbox 174 4707 278 4771">
     <span class='ocr_line' id='line_1_37' title="bbox 174 4707 278 4771; baseline 0 -14"><span class='ocrx_word' id='word_1_298' title='bbox 174 4707 211 4757; x_wconf 89' lang='lat'><strong>11.</strong></span> <span class='ocrx_word' id='word_1_299' title='bbox 224 4707 278 4771; x_wconf 75' lang='lat'>45).</span> 
     </span>
    </p>
   </div>
   <div class='ocr_carea' id='block_1_10' title="bbox 0 0 1558 5476">
    <p class='ocr_par' dir='ltr' id='par_1_10' title="bbox 0 0 1558 5476">
     <span class='ocr_line' id='line_1_38' title="bbox 0 0 1558 5476; baseline 0 0"><span class='ocrx_word' id='word_1_300' title='bbox 0 0 1558 5476; x_wconf 95' lang='lat' dir='ltr'><strong> </strong></span> 
     </span>
    </p>
   </div>
  </div>
 </body>
</html>
