3098 5476
176 483 217 546 14
262 498 341 548 v11.
368 500 420 546 nn
448 498 498 546 no
526 499 598 555 our
626 500 892 549 tuenanrnr
920 502 1172 552 rnnsronnn
1202 506 1291 554 nco.

174 658 257 724 uerit
272 658 434 724 ecclesiam
449 659 494 723 sio
508 659 667 724 obtentam
684 661 710 725 si
732 660 854 725 utilitas
868 661 999 727 euidens
1019 671 1051 728 et
1065 664 1238 730 necessitas
1262 688 1365 752 urgens

174 763 314 848 exegerit
329 762 416 827 illam
433 762 601 828 conferatis
623 763 735 847 eidem,
752 763 949 831 intendentes
972 767 1141 852 prouidere
1156 768 1192 832 in
1210 769 1271 834 hoc
1285 770 1367 835 ecole-

174 869 219 933 sie
234 867 341 953 potius
356 890 451 953 quarn
468 890 609 953 persone.
1277 875 1281 881 '

600 1078 715 1124 sunna
737 1079 859 1125 nonan
883 1061 940 1148 (2).

218 1235 377 1322 Episcopo
399 1235 564 1320 Burgensi.
620 1235 657 1302 P.
683 1234 867 1301 subdiaconi
892 1236 1001 1301 latoris
1023 1239 1222 1323 presentium
1249 1241 1371 1306 assertio

172 1340 353 1429 continebat
367 1337 454 1425 quod
469 1339 546 1404 olim
561 1338 688 1404 ecclesia
703 1340 861 1426 Burgensi
876 1350 1001 1427 pastore
1017 1350 1149 1407 uacante
1167 1365 1248 1408 cum
1264 1345 1372 1410 litteris

171 1444 425 1529 archipresbiteri
447 1444 496 1507 sui
519 1442 559 1507 ad
575 1444 785 1508 uenerabilem
807 1453 929 1528 patrem
945 1445 1127 1532 episcopum
1147 1446 1370 1515 Ossomensem

170 1548 297 1614 accessit
319 1548 353 1612 in
375 1546 604 1612 subdiaconum
626 1548 871 1634 promouendus,
926 1549 1053 1616 Verum
1075 1573 1148 1614 oum
1174 1551 1246 1639 ipse
1269 1553 1372 1618 etalii

171 1654 244 1718 sotii
269 1675 348 1739 quos
374 1651 481 1717 eedem
509 1652 612 1716 littere
642 1652 846 1717 continebant
871 1654 986 1739 recepti
1011 1662 1043 1718 et
1068 1654 1153 1719 inter
1179 1655 1373 1724 ordinandos

169 1757 339 1842 subscripti
361 1755 495 1820 fuissent
517 1778 553 1820 ac
575 1755 785 1820 ordinationis
807 1765 949 1842 tempore
971 1757 1269 1843 promouendorum
1296 1761 1373 1826 mul-

169 1861 275 1927 titudo
300 1860 361 1925 sibi
384 1859 604 1924 difficultatem
627 1861 792 1946 ingereret,
815 1860 942 1924 cuidam
965 1861 1054 1946 layco
1076 1862 1133 1949 qui
1162 1864 1191 1928 ei
1218 1849 1372 1930 cartulam

170 1965 342 2052 sigillatam
362 1975 554 2030 concesserat
574 1965 608 2028 in
626 1965 716 2029 cuius
736 1965 913 2030 ostensione
935 1988 1092 2030 accessum
1111 1966 1227 2033 habuit
1247 1970 1373 2056 expedi-

169 2079 237 2135 tum
261 2070 375 2134 tribuit
398 2067 478 2133 duos
505 2068 620 2134 soldos
676 2068 778 2154 Super
799 2092 864 2154 quo
889 2069 1060 2155 apostolice
1086 2070 1170 2136 sedis
1194 2081 1253 2140 eto.
1310 2075 1372 2140 Nos

168 2183 274 2239 autem
288 2183 345 2239 etc.
362 2197 462 2259 usquc
477 2173 618 2237 iniuncta
633 2173 694 2237 sibi
711 2173 884 2259 penitentia
898 2172 940 2237 ad
955 2174 1112 2239 cautelam
1128 2184 1187 2243 eto.

725 2539 814 2606 VII.

171 2732 241 2796 Dn'
255 2750 300 2796 no
326 2750 388 2808 our
412 2731 642 2796 Aucunurar
665 2729 878 2795 Pnusronnu
905 2731 1066 2796 Sonrrau
1094 2751 1141 2796 nr
1165 2732 1370 2799 Eoonnsmu

674 2835 871 2900 Oarrunnr.

214 3010 448 3076 Archidiacono
465 3010 693 3076 Lemouicensi.
728 3008 792 3076 ¹Jo.
809 3011 965 3096 presbiter
980 3010 1064 3076 lator
1078 3012 1278 3097 presentium
1302 3037 1372 3101 pro

170 3116 276 3202 posuit
291 3138 397 3180 coram
418 3115 509 3180 nobis
532 3114 618 3202 quod
640 3115 717 3200 ipse,
734 3124 929 3200 procurante
943 3116 1103 3181 auunculo
1125 3138 1194 3199 suo,
1210 3118 1371 3184 eeclesiam

171 3220 331 3307 quandam
354 3219 492 3284 obtinuit
507 3219 657 3305 pensione
672 3219 803 3305 antiqua
826 3242 865 3283 ex
888 3220 1032 3304 pactione
1050 3220 1162 3306 preuia
1181 3220 1258 3307 plus
1280 3223 1372 3288 solito

171 3331 383 3409 augmentata,
399 3332 430 3388 et
445 3323 517 3388 licet
533 3322 687 3408 pactionis
703 3322 885 3388 huiusmodi
900 3323 1088 3410 aliquandiu
1103 3323 1216 3390 fuisset
1230 3325 1371 3412 ignarus,

171 3428 396 3493 nichilominus
418 3438 525 3492 tamen
540 3427 642 3491 factus
665 3429 805 3491 conscius
828 3427 988 3492 ecclesiam
1003 3437 1210 3493 memoratam
1229 3431 1373 3513 retinuit,

171 3543 202 3599 et
217 3534 400 3620 pensionem
423 3555 495 3596 curn
511 3532 690 3616 integritate
713 3532 896 3617 persoluens
918 3532 958 3596 ad
981 3532 1081 3618 ipsius
1096 3531 1228 3597 titulum
1246 3534 1374 3600 ordines

170 3636 354 3702 diaconatus
376 3646 406 3700 et
421 3637 645 3721 presbiteratus
667 3636 847 3721 assumpsit,
863 3637 896 3700 in
912 3637 1029 3722 quibus
1053 3660 1114 3702 non
1138 3647 1279 3724 purgato
1295 3639 1373 3704 uitio

172 3765 212 3808 ex
227 3742 306 3806 iuris
328 3741 507 3826 ignorantia
524 3741 728 3806 ministrauit.
774 3741 856 3805 Sane
879 3765 949 3804 curn
966 3742 1127 3831 ecclesiam
1150 3742 1195 3807 sic
1209 3743 1371 3808 obtentam

172 3847 213 3912 sit
228 3846 386 3930 resignare
401 3855 531 3931 paratus
548 3844 711 3910 humiliter
726 3846 818 3931 petiit
833 3855 889 3910 eto.
938 3846 1025 3923 Quia
1042 3869 1117 3910 uero
1134 3845 1375 3913 Lemouicensis

171 3950 299 4015 ecclesia
321 3960 412 4014 uacat
433 3949 473 4013 ad
500 3972 627 4034 presens
650 3951 877 4014 committimus
899 3960 1053 4035 quatenus
1079 3972 1152 4014 cum
1174 3950 1319 4036 prefatus
1341 3952 1373 4017 d.

172 4054 330 4120 ecclesiam
363 4055 454 4118 istam
485 4055 519 4117 in
550 4053 665 4118 nostris
696 4054 842 4117 manibus
873 4055 1050 4139 resignarit,
1081 4054 1224 4141 iniuncta
1254 4057 1284 4120 ei
1315 4079 1373 4142 pro

171 4160 263 4245 culpe
284 4158 379 4223 modo
402 4168 457 4224 etc.
474 4180 572 4244 usque
595 4157 781 4222 admittatis
