3098 5476
169 546 231 610 130
276 560 422 612 CXXVI.
451 562 500 608 DE
532 561 807 609 MATRIMONIO
835 561 881 609 IN
908 560 1054 609 stolus
1082 560 1341 609 ORDINIBUS.

168 719 324 805 uirginem
349 720 409 785 sibi
433 721 493 785 snb
517 721 631 785 umbra
656 721 849 785 matrimonii
873 720 1036 806 copulauit
1060 730 1091 784 et
1114 743 1171 805 per
1195 743 1226 784 v.
1247 742 1373 784 menses

166 823 362 889 cohabitauit
385 824 496 891 eidem.
551 825 676 894 Verum
703 848 775 889 cum
805 824 945 911 predicta
972 824 1087 889 mulier
1113 825 1372 910 propinquorum

168 951 225 993 usa
240 929 371 993 consilio
386 929 440 993 alii
463 929 602 1015 legitime
617 931 768 1016 nupserit,
785 939 815 994 et
831 930 897 1016 ipse
911 938 1041 1015 propter
1055 929 1115 993 hoc
1129 929 1172 994 sit
1186 951 1205 992 a
1221 928 1316 993 uobis
1332 928 1372 991 ab

170 1032 264 1098 officii
279 1034 460 1098 executione
481 1056 652 1119 suspensus
668 1057 831 1120 quousque
846 1033 1015 1119 apostolice
1032 1033 1115 1098 sedis
1131 1031 1298 1097 oraculum
1314 1033 1372 1095 im·

169 1137 281 1223 ploret,
297 1137 488 1223 supplicauit
511 1139 675 1203 humiliter
689 1139 749 1203 sibi
773 1138 945 1224 superbiis
967 1137 1007 1201 de
1030 1138 1130 1222 ipsius
1153 1136 1374 1201 misericordia

168 1240 343 1306 subueniri.
399 1242 468 1308 Nos
489 1252 595 1307 autem
616 1254 672 1308 etc.
696 1242 895 1328 prouidentia
919 1251 1022 1306 uestre
1044 1251 1200 1327 quatenus
1227 1241 1373 1304 iniuncta

168 1346 198 1410 ei
220 1356 275 1411 etc.
300 1368 399 1431 usque
422 1356 549 1412 retento.
596 1347 731 1412 Demum
756 1356 812 1412 etc.
839 1369 937 1432 usque
959 1346 1143 1410 admittatis

626 1542 674 1586 na
697 1541 829 1588 nonan.
853 1521 913 1609 (4).

215 1659 374 1746 Episcopo
403 1660 564 1725 Elenensi.
629 1660 791 1745 Raynaldi
821 1660 1006 1725 subdiaconi
1037 1658 1147 1724 latoris
1177 1659 1375 1745 presentium

168 1762 322 1828 confessio
351 1764 531 1828 continebat
561 1763 646 1850 quod
676 1774 843 1850 postquam
874 1764 1019 1828 ordinem
1048 1762 1295 1828 subdiaconatus
1326 1784 1374 1826 as·

169 1868 315 1953 sumpsit,
331 1867 488 1953 uirginem
512 1866 673 1954 quandam
695 1869 754 1933 sub
777 1869 973 1933 matrimonii
996 1868 1057 1932 sibi
1080 1868 1195 1932 umbra
1217 1866 1374 1953 copulans

171 1995 228 2058 per
256 1971 363 2057 plures
392 1995 492 2037 annos
521 1971 716 2038 cohabitauit
745 1973 847 2037 eidem
877 1982 908 2037 et
933 1995 974 2037 ex
1004 1995 1039 2037 ea
1069 1971 1190 2058 prolem
1224 1971 1372 2056 suscepit.

172 2075 314 2140 Tandem
345 2077 461 2162 apertis
492 2076 698 2162 intelligentie
725 2077 834 2160 oculis,
860 2078 986 2162 cognita
1015 2077 1118 2162 culpa,
1145 2075 1251 2141 sedem
1282 2098 1375 2162 apos-

170 2179 297 2245 tolicam
321 2179 400 2244 adiit
422 2180 602 2266 supplicans
626 2192 682 2246 etc.
729 2181 797 2246 Nos
821 2193 927 2246 autem
954 2193 1011 2247 etc.
1027 2190 1182 2267 quatenus
1203 2190 1376 2266 postquam

172 2283 289 2348 indicio
311 2283 436 2349 ecclesie
460 2284 579 2348 fuerint
600 2287 734 2370 separati
757 2286 900 2349 iniuncta
923 2285 950 2350 ci
973 2295 1029 2350 etc.
1074 2285 1215 2349 Demum
1238 2308 1311 2348 curn
1329 2306 1376 2349 re-

172 2388 323 2473 ligionem
348 2389 514 2453 intrauerit
539 2398 570 2453 et
591 2390 752 2474 professus
779 2390 874 2454 fuerit
897 2391 930 2454 in
957 2389 1066 2454 eadem
1091 2390 1198 2475 ipsum
1224 2389 1290 2454 alio
1311 2411 1375 2453 non

171 2492 316 2558 obstante
337 2494 486 2558 canonico
509 2493 547 2557 ad
572 2493 816 2580 dispensationis
838 2495 973 2579 gratiam
997 2493 1184 2560 admittatis.

633 2688 682 2734 oa
704 2688 837 2735 nonan.
861 2668 919 2756 (5).

181 2852 183 2858 ·
219 2823 378 2909 Episcopo
389 2824 633 2910 Raoeburgensi.
672 2824 712 2888 R.
724 2823 908 2888 subdiaconi
921 2833 1024 2889 uestre
1036 2822 1166 2888 diocesis
1181 2823 1294 2889 latoris
1309 2846 1375 2909 pre·

172 2929 311 2992 sentium
326 2927 478 2992 confessio
493 2928 673 2994 continebat
688 2927 774 3014 quod
797 2928 864 3013 ipse
882 2927 1094 3014 simplicitatis
1108 2950 1214 2993 errore
1229 2928 1377 2993 laborans

172 3031 234 3096 sub
246 3031 360 3096 umbra
372 3033 565 3097 matrimonii
582 3032 712 3097 uiduam
723 3032 884 3119 quandam
899 3032 993 3096 duxit
1004 3055 1040 3096 ac
1054 3031 1249 3097 cohabitauit
1262 3033 1376 3115 eidem,

175 3144 206 3200 et
217 3136 345 3201 tandem
356 3138 471 3222 apertis
487 3137 694 3222 intelligentie
709 3136 817 3218 oculis,
828 3137 954 3222 cognita
965 3135 1069 3222 culpa,
1078 3136 1118 3200 de
1132 3135 1284 3202 mandato
1297 3137 1378 3202 bone

176 3240 326 3306 memorie
349 3279 482 3290 --
505 3242 641 3328 episcopi
666 3240 891 3327 predecessoris
917 3242 1024 3321 uestri,
1050 3240 1211 3305 abiurauit
1235 3241 1376 3306 eandem.

177 3343 280 3430 Super
295 3369 359 3431 quo
374 3369 447 3410 cum
468 3347 503 3410 in
517 3346 668 3432 religione
689 3345 842 3411 desideret
858 3345 989 3410 domino
1012 3344 1159 3410 famulari
1185 3345 1379 3431 supplicauit

173 3472 194 3514 a
224 3450 296 3514 sede
322 3451 493 3536 apostolico
522 3450 583 3515 sibi
614 3474 670 3536 per
699 3450 942 3535 dispensationis
971 3450 1107 3535 gratiam
1137 3448 1380 3515 misericorditer

176 3553 346 3639 prouideri.
393 3555 462 3620 Nos
486 3556 585 3640 igitur
599 3566 655 3620 etc.
673 3578 772 3641 usque
795 3564 949 3640 quatenus
973 3555 999 3618 si
1022 3562 1069 3618 cst
1083 3555 1127 3618 ita
1149 3554 1294 3619 iniuncta
1309 3578 1380 3640 pre-

174 3657 260 3723 dicto
291 3660 330 3724 R.
361 3660 533 3744 penitentia
562 3660 750 3745 competenti
779 3682 815 3723 ac
844 3658 1011 3724 interdicto
1041 3659 1102 3723 sibi
1131 3657 1173 3722 ad
1203 3659 1380 3745 superiores

174 3785 316 3842 ascensu,
342 3764 447 3849 ipsum
478 3764 519 3827 ad
549 3773 673 3849 tempus
703 3764 743 3827 ab
773 3764 956 3828 executione
986 3772 1201 3848 susceptorum
1229 3762 1378 3828 ordinum

178 3868 268 3932 iuxta
293 3867 378 3953 quod
404 3867 551 3953 expedire
578 3867 726 3933 uideretis
752 3866 960 3953 suspendatis,
986 3877 1016 3931 et
1043 3866 1170 3931 tandem
1197 3867 1380 3932 cumidem

177 3972 218 4037 R.
241 3971 381 4057 aliquam
405 3973 569 4036 intrauerit
590 3972 630 4036 de
653 3971 859 4057 religionibus
881 3972 1073 4057 approbatis,
1097 3971 1228 4037 uinculo
1250 3995 1284 4037 se
1306 3995 1381 4059 pro-

179 4076 325 4140 fessionis
347 4077 534 4161 astringens,
558 4099 629 4140 oum
655 4077 723 4162 ipso
746 4098 840 4161 super
862 4076 1045 4140 executione
1068 4076 1228 4139 minorum
1252 4086 1283 4140 et
1306 4077 1380 4141 sub-

176 4180 362 4244 diaconatus
388 4180 556 4244 dumtaxat
579 4180 737 4258 ordinum,
762 4180 788 4244 si
815 4179 999 4244 scandalum
1026 4189 1057 4244 et
1081 4179 1168 4243 aliud
1195 4180 1380 4245 canonicum

178 4308 242 4350 non
266 4285 407 4365 obsistat,
433 4294 527 4370 prout
549 4285 659 4349 merita
682 4284 928 4349 conuersationis
951 4292 1124 4369 exegerunt
1146 4283 1344 4370 dispensetis.

638 4478 687 4522 nn
711 4478 844 4524 acinon.
868 4459 925 4546 (6).

224 4599 382 4684 Episcopo
407 4597 575 4662 Pennensi.
636 4636 767 4647 ——
792 4596 956 4682 presbiteri
980 4606 1084 4660 uestra
1110 4596 1244 4662 diocesis
1272 4598 1380 4662 latoris

111 4728 113 4732 ⁴
178 4703 370 4788 presentium
381 4700 534 4766 confessio
549 4701 728 4765 continebat
740 4701 823 4787 quod
842 4702 908 4787 ipse
923 4700 1001 4765 olim
1016 4723 1089 4764 cum
1102 4700 1240 4786 quadam
1258 4701 1380 4788 uirgine
