3098 5476
260 565 300 632 72
420 579 505 628 niv.
534 580 584 627 nn
614 577 975 627 nxcounnnmnrr
1004 576 1300 627 rnouormnn.

258 740 345 806 tione
370 738 520 825 pulsauit.
577 738 664 817 Quia
691 760 767 803 uero
799 759 1030 824 nonnunquam
1056 736 1244 823 simplicitas
1275 747 1402 822 coaptat
1429 756 1518 801 s&
1537 757 1549 778 *²

259 843 351 909 uenie
371 851 589 929 temperetque
611 842 759 927 rigorem,
784 839 961 926 predictum
984 840 1075 904 iuxta
1099 840 1234 905 formam
1259 840 1385 905 ecclesie
1407 841 1514 905 ab·-

258 947 399 1013 solutum
415 945 456 1012 ad
477 969 533 1011 nos
547 946 700 1011 duximus
723 945 950 1010 remittendum
965 943 1151 1010 auctoritate
1172 942 1295 1010 domini
1311 967 1393 1030 pape
1407 955 1458 1012 etc.
1473 991 1511 1007 -

257 1061 413 1139 quatenus
434 1050 577 1114 iniuncta
592 1051 620 1114 ei
643 1073 702 1136 pro
725 1049 816 1135 culpe
839 1048 933 1114 modo
955 1048 1130 1135 penitentia
1152 1048 1344 1134 competenti
1367 1071 1461 1135 eoque

258 1156 300 1221 ad
315 1166 441 1242 tempus
455 1164 512 1220 etc.
531 1177 629 1240 usque
644 1153 830 1220 admittatis.

721 1364 769 1409 nn
792 1363 925 1410 nonan.
950 1344 1007 1431 (2).

304 1523 424 1588 Abbati
441 1562 582 1588 —.
622 1521 770 1586 Innotnit
781 1520 872 1586 nobis
890 1529 1066 1607 uestrarum
1077 1519 1236 1586 intellecta
1250 1521 1330 1585 serie
1346 1521 1463 1586 littera-

260 1651 330 1692 rum
346 1627 431 1714 quod
444 1626 486 1692 D.
502 1625 654 1691 monacho
670 1625 769 1690 latore
783 1626 976 1710 presentium
992 1624 1154 1690 iniiciente
1169 1624 1202 1688 in
1218 1624 1380 1711 quendam
1395 1623 1462 1690 dia-

258 1755 374 1798 conum
391 1753 504 1796 manus
518 1739 635 1795 temere
649 1728 815 1811 uiolentas,
825 1739 857 1792 et
868 1728 1077 1794 absolutionis
1091 1728 1243 1795 beneficio
1255 1752 1319 1795 non
1336 1729 1463 1808 obtento

258 1834 371 1900 diuina
385 1833 589 1921 postmodum
612 1833 797 1916 celebrante,
814 1832 919 1918 ipsum
938 1855 997 1918 pro
1019 1833 1218 1898 absolutione
1233 1833 1410 1899 obtinenda
1424 1833 1462 1897 ad

260 1939 472 2005 venerabilem
487 1946 609 2024 patrem
624 1936 790 2002 dominum
807 1935 861 2002 R..¹
877 1936 976 2001 sancti
998 1936 1103 2022 angeli
1118 1935 1270 2002 diaconus
1293 1936 1463 2002 cardinalis

259 2053 337 2109 tunc
350 2043 519 2129 apostolice
541 2041 623 2107 sedis
638 2042 776 2127 legatum
792 2064 865 2105 cum
880 2041 992 2105 uestris
1008 2040 1123 2106 litteris
1137 2040 1329 2107 destinastis.
1378 2043 1465 2107 Tan-

259 2148 332 2213 dem
343 2148 385 2213 ab
396 2148 465 2232 ipso
475 2145 628 2211 cardinali
643 2146 685 2210 ab
700 2144 866 2210 iniectione
882 2167 1036 2209 manuum
1047 2144 1203 2225 absoluto,
1214 2146 1291 2232 quia
1303 2148 1337 2209 in
1351 2146 1464 2211 litteris

260 2275 340 2339 quas
364 2251 455 2317 nobis
480 2249 596 2316 detulit
617 2249 657 2314 de
679 2249 911 2335 irregularitate
933 2272 1029 2335 quum
1052 2249 1228 2316 incurrerat
1251 2250 1373 2316 mentio
1399 2274 1463 2316 non

261 2356 365 2440 fiebat,
381 2353 515 2420 eundem
538 2353 579 2418 ad
602 2353 807 2440 optinendam
830 2351 1096 2439 dispensationem
1118 2376 1213 2440 super
1232 2354 1463 2440 irregularitate

260 2484 319 2526 sua
332 2460 373 2525 ad
389 2459 494 2525 sedem
509 2458 713 2544 apostolicam
729 2457 957 2522 transmisistis.
1003 2455 1073 2523 Nos
1088 2467 1195 2522 autem
1210 2458 1317 2544 ipsum
1331 2498 1463 2509 —

260 2567 301 2631 ad
318 2588 375 2631 nos
389 2563 542 2628 duximus
564 2561 790 2627 remittendum
806 2561 897 2627 uobis
918 2562 1245 2630 auctoritatedomini
1269 2585 1353 2649 pape
1376 2586 1464 2628 man·

260 2669 372 2737 dantes
397 2677 552 2755 quatenus
582 2689 654 2732 eum
681 2666 721 2730 ab
747 2665 929 2731 executione
958 2687 1089 2731 suorum
1103 2666 1265 2732 ordinum
1292 2690 1395 2754 nsque
1423 2666 1463 2733 ad

263 2773 426 2838 biennium
448 2769 657 2858 suspendatis,
679 2769 882 2856 postmodum
906 2771 933 2834 si
957 2768 1045 2833 aliud
1067 2770 1255 2835 canonicum
1278 2793 1345 2837 non
1368 2771 1461 2838 obsti·

261 2878 335 2942 terit
349 2885 381 2942 et
395 2898 468 2941 eum
490 2897 547 2961 per
562 2874 770 2960 penitentiam
794 2873 911 2938 uideris
933 2873 1145 2957 emendatum,
1162 2875 1267 2960 ipsum
1290 2875 1332 2940 ad
1355 2898 1462 2941 execu-

261 2982 381 3047 tionem
410 2978 569 3044 dictorum
598 2977 749 3044 ordinum
783 2977 956 3042 restituatis
989 2989 1019 3043 et
1049 2979 1242 3063 permittatis
1276 2979 1310 3043 in
1344 2980 1458 3046 eisdem

262 3086 360 3150 libere
384 3085 571 3149 ministrare.
611 3153 617 3163 ,

741 3207 984 3214 *⁴-

813 3360 911 3428 LIV.

263 3556 320 3620 Dn
347 3575 392 3621 no
418 3574 481 3632 om
498 3555 892 3619 Exconuunrcnrroms
916 3552 1092 3618 Innnuon
1115 3554 1306 3620 Paonorus
1330 3575 1392 3622 nsr
1414 3576 1460 3622 nn

777 3656 951 3722 Onnmns

306 3833 466 3921 Episcopo
481 3832 741 3898 Barchinonensi.
787 3869 919 3880 —
937 3832 1091 3918 presbiter
1107 3834 1280 3900 monachus
1297 3833 1382 3902 lator
1397 3861 1461 3923 pre

263 3939 400 4004 sentium
426 3938 540 4002 humili
567 3937 658 4002 nobis
684 3936 878 4002 confessione
905 3936 1095 4001 monstrauit
1119 3937 1205 4024 qnod
1233 3939 1301 4025 ipse
1327 3940 1405 4006 olim
1430 3943 1460 4005 in

264 4043 441 4108 minoribus
458 4041 623 4108 ordinibus
645 4043 833 4106 constitutus
856 4041 889 4104 in
905 4040 1059 4125 quosdam
1077 4041 1245 4108 monachos
1268 4045 1369 4110 socios
1392 4069 1462 4112 suos

265 4171 377 4212 manus
391 4147 546 4212 uiolentas
562 4146 667 4210 iniecit
682 4155 712 4210 et
727 4156 799 4209 ante
814 4145 1046 4210 absolutionem
1061 4145 1221 4211 obtentam
1238 4148 1318 4214 iuris
1334 4150 1462 4235 ignarus

264 4252 400 4337 factique
416 4251 583 4315 immemor
597 4249 637 4313 ad
654 4271 762 4314 omnes
777 4271 879 4314 sacros
895 4248 1021 4314 ordines
1036 4259 1083 4314 est
1094 4260 1267 4336 promotus,
1278 4253 1463 4320 ministrans

297 4457 384 4510 lThis
404 4456 427 4508 is
447 4457 475 4507 in
495 4456 531 4507 all
550 4455 711 4522 probability
727 4453 842 4505 Ricardo
861 4453 900 4505 de'
911 4454 1047 4519 Annibali,
1063 4455 1166 4506 created
1184 4457 1304 4509 cardinal
1321 4458 1422 4512 deacon
1437 4461 1466 4512 oi

263 4540 449 4606 Sant'Angelo
468 4540 502 4606 by
520 4539 640 4605 Gregory
653 4538 704 4589 IX.
717 4537 746 4587 in
766 4537 839 4588 1240.
874 4537 918 4588 He
936 4554 988 4588 was
1005 4555 1021 4588 a
1039 4556 1120 4589 warm
1138 4539 1226 4590 friend
1247 4541 1299 4592 and
1319 4550 1417 4609 patron
1437 4545 1466 4595 oi

263 4629 300 4679 St.
313 4627 428 4678 Thomas
447 4624 567 4690 Aquinas
584 4623 636 4674 and
653 4622 714 4673 died
732 4628 760 4671 at
777 4621 822 4672 the
839 4621 942 4672 council
955 4623 985 4673 of
1000 4623 1089 4689 Lyons
1106 4623 1134 4673 in
1149 4624 1394 4678 1274.-Ciacconii
1406 4628 1461 4680 Vit.

264 4710 363 4763 Pontis.
377 4719 403 4761 et
415 4708 605 4770 Cardinalium‚
618 4707 656 4758 II.
670 4708 710 4756 88.
