<?xml version="1.0" encoding="UTF-8"?>
<!DOCTYPE html PUBLIC "-//W3C//DTD XHTML 1.0 Transitional//EN"
    "http://www.w3.org/TR/xhtml1/DTD/xhtml1-transitional.dtd">
<html xmlns="http://www.w3.org/1999/xhtml" xml:lang="en" lang="en">
 <head>
  <title>
</title>
<meta http-equiv="Content-Type" content="text/html;charset=utf-8" />
  <meta name='ocr-system' content='tesseract 3.04.00' />
  <meta name='ocr-capabilities' content='ocr_page ocr_carea ocr_par ocr_line ocrx_word'/>
</head>
<body>
  <div class='ocr_page' id='page_1' title='image "aformularypapal00leagoog_0076.png"; bbox 0 0 3098 5476; ppageno 0'>
   <div class='ocr_carea' id='block_1_1' title="bbox 317 542 1374 608">
    <p class='ocr_par' dir='ltr' id='par_1_1' title="bbox 317 542 1374 608">
     <span class='ocr_line' id='line_1_1' title="bbox 317 542 1374 608; baseline 0.004 -4"><span class='ocrx_word' id='word_1_1' title='bbox 317 558 428 608; x_wconf 81' lang='lat' dir='ltr'>XVII.</span> <span class='ocrx_word' id='word_1_2' title='bbox 456 559 507 607; x_wconf 79' lang='lat' dir='ltr'>Du</span> <span class='ocrx_word' id='word_1_3' title='bbox 535 558 830 607; x_wconf 79' lang='lat' dir='ltr'>ABSOLUTIONE</span> <span class='ocrx_word' id='word_1_4' title='bbox 860 558 1024 607; x_wconf 77' lang='lat' dir='ltr'>Pauraa</span> <span class='ocrx_word' id='word_1_5' title='bbox 1051 558 1220 608; x_wconf 80' lang='lat' dir='ltr'>STILUM.</span> <span class='ocrx_word' id='word_1_6' title='bbox 1331 542 1374 608; x_wconf 72' lang='lat'>27</span> 
     </span>
    </p>
   </div>
   <div class='ocr_carea' id='block_1_2' title="bbox 169 715 1377 3308">
    <p class='ocr_par' dir='ltr' id='par_1_2' title="bbox 169 715 1377 3308">
     <span class='ocr_line' id='line_1_2' title="bbox 172 715 1376 803; baseline 0.003 -25"><span class='ocrx_word' id='word_1_7' title='bbox 172 715 273 780; x_wconf 91' lang='lat' dir='ltr'>immo</span> <span class='ocrx_word' id='word_1_8' title='bbox 282 738 450 801; x_wconf 87' lang='lat' dir='ltr'>peruersus</span> <span class='ocrx_word' id='word_1_9' title='bbox 460 715 580 781; x_wconf 85' lang='lat' dir='ltr'>nefario</span> <span class='ocrx_word' id='word_1_10' title='bbox 589 717 673 781; x_wconf 90' lang='lat' dir='ltr'>coitu</span> <span class='ocrx_word' id='word_1_11' title='bbox 684 725 780 802; x_wconf 92' lang='lat' dir='ltr'>prout</span> <span class='ocrx_word' id='word_1_12' title='bbox 790 725 866 780; x_wconf 90' lang='lat' dir='ltr'>nota</span> <span class='ocrx_word' id='word_1_13' title='bbox 875 716 1056 802; x_wconf 75' lang='lat' dir='ltr'>publicabat</span> <span class='ocrx_word' id='word_1_14' title='bbox 1067 716 1199 780; x_wconf 88' lang='lat' dir='ltr'>infamia</span> <span class='ocrx_word' id='word_1_15' title='bbox 1208 717 1376 803; x_wconf 82' lang='lat' dir='ltr'>pecoribus</span> 
     </span>
     <span class='ocr_line' id='line_1_3' title="bbox 172 820 1375 906; baseline 0.002 -22"><span class='ocrx_word' id='word_1_16' title='bbox 172 842 205 884; x_wconf 91' lang='lat' dir='ltr'>se</span> <span class='ocrx_word' id='word_1_17' title='bbox 220 820 425 885; x_wconf 79' lang='lat' dir='ltr'><strong>commiscens</strong></span> <span class='ocrx_word' id='word_1_18' title='bbox 440 820 589 885; x_wconf 92' lang='lat' dir='ltr'>omnibus</span> <span class='ocrx_word' id='word_1_19' title='bbox 604 820 660 905; x_wconf 93' lang='lat' dir='ltr'>qui</span> <span class='ocrx_word' id='word_1_20' title='bbox 683 820 828 884; x_wconf 89' lang='lat' dir='ltr'>habitant</span> <span class='ocrx_word' id='word_1_21' title='bbox 843 820 1033 906; x_wconf 87' lang='lat' dir='ltr'>inpartibus</span> <span class='ocrx_word' id='word_1_22' title='bbox 1055 820 1121 886; x_wconf 92' lang='lat' dir='ltr'>illis</span> <span class='ocrx_word' id='word_1_23' title='bbox 1143 831 1268 906; x_wconf 81' lang='lat' dir='ltr'>pectora</span> <span class='ocrx_word' id='word_1_24' title='bbox 1283 830 1375 886; x_wconf 89' lang='lat' dir='ltr'>tanto</span> 
     </span>
     <span class='ocr_line' id='line_1_4' title="bbox 171 923 1376 1011; baseline 0.002 -23"><span class='ocrx_word' id='word_1_25' title='bbox 171 946 303 989; x_wconf 90' lang='lat' dir='ltr'>rancore</span> <span class='ocrx_word' id='word_1_26' title='bbox 326 924 506 990; x_wconf 88' lang='lat' dir='ltr'>inuoluerat</span> <span class='ocrx_word' id='word_1_27' title='bbox 520 924 607 1010; x_wconf 91' lang='lat' dir='ltr'>quod</span> <span class='ocrx_word' id='word_1_28' title='bbox 622 925 820 990; x_wconf 89' lang='lat' dir='ltr'>alacticiniis</span> <span class='ocrx_word' id='word_1_29' title='bbox 835 923 874 989; x_wconf 90' lang='lat' dir='ltr'>de</span> <span class='ocrx_word' id='word_1_30' title='bbox 889 925 1005 1011; x_wconf 93' lang='lat' dir='ltr'>quibus</span> <span class='ocrx_word' id='word_1_31' title='bbox 1028 925 1074 990; x_wconf 92' lang='lat' dir='ltr'>ihi</span> <span class='ocrx_word' id='word_1_32' title='bbox 1088 925 1236 1011; x_wconf 79' lang='lat' dir='ltr'>precipue</span> <span class='ocrx_word' id='word_1_33' title='bbox 1250 926 1376 991; x_wconf 91' lang='lat' dir='ltr'>uiuitur</span> 
     </span>
     <span class='ocr_line' id='line_1_5' title="bbox 170 1029 1377 1096; baseline 0.003 -4"><span class='ocrx_word' id='word_1_34' title='bbox 170 1029 382 1094; x_wconf 78' lang='lat' dir='ltr'>abstinebant.</span> <span class='ocrx_word' id='word_1_35' title='bbox 430 1029 586 1094; x_wconf 85' lang='lat' dir='ltr'>Homines</span> <span class='ocrx_word' id='word_1_36' title='bbox 600 1029 661 1094; x_wconf 93' lang='lat' dir='ltr'>loci</span> <span class='ocrx_word' id='word_1_37' title='bbox 675 1051 861 1094; x_wconf 79' lang='lat' dir='ltr'>conuemum</span> <span class='ocrx_word' id='word_1_38' title='bbox 879 1029 1013 1094; x_wconf 91' lang='lat' dir='ltr'>eundem</span> <span class='ocrx_word' id='word_1_39' title='bbox 1029 1030 1070 1093; x_wconf 89' lang='lat' dir='ltr'>ad</span> <span class='ocrx_word' id='word_1_40' title='bbox 1085 1029 1209 1095; x_wconf 89' lang='lat' dir='ltr'>foueam</span> <span class='ocrx_word' id='word_1_41' title='bbox 1222 1030 1278 1094; x_wconf 92' lang='lat' dir='ltr'>ubi</span> <span class='ocrx_word' id='word_1_42' title='bbox 1293 1030 1377 1096; x_wconf 90' lang='lat' dir='ltr'>tales</span> 
     </span>
     <span class='ocr_line' id='line_1_6' title="bbox 171 1131 1375 1219; baseline 0.003 -23"><span class='ocrx_word' id='word_1_43' title='bbox 171 1133 242 1196; x_wconf 90' lang='lat' dir='ltr'>uiui</span> <span class='ocrx_word' id='word_1_44' title='bbox 269 1133 360 1197; x_wconf 85' lang='lat' dir='ltr'>iuxta</span> <span class='ocrx_word' id='word_1_45' title='bbox 383 1133 484 1218; x_wconf 85' lang='lat' dir='ltr'>legem</span> <span class='ocrx_word' id='word_1_46' title='bbox 507 1133 607 1218; x_wconf 90' lang='lat' dir='ltr'>patrie</span> <span class='ocrx_word' id='word_1_47' title='bbox 633 1133 831 1219; x_wconf 88' lang='lat' dir='ltr'>sepeliuntur</span> <span class='ocrx_word' id='word_1_48' title='bbox 852 1131 1056 1198; x_wconf 90' lang='lat' dir='ltr'>adduxerunt</span> <span class='ocrx_word' id='word_1_49' title='bbox 1082 1156 1146 1199; x_wconf 92' lang='lat' dir='ltr'>non</span> <span class='ocrx_word' id='word_1_50' title='bbox 1173 1133 1375 1200; x_wconf 88' lang='lat' dir='ltr'>intendentes</span> 
     </span>
     <span class='ocr_line' id='line_1_7' title="bbox 170 1236 1372 1324; baseline 0.002 -23"><span class='ocrx_word' id='word_1_51' title='bbox 170 1236 279 1323; x_wconf 90' lang='lat' dir='ltr'>ipsum</span> <span class='ocrx_word' id='word_1_52' title='bbox 296 1238 329 1300; x_wconf 90' lang='lat' dir='ltr'>in</span> <span class='ocrx_word' id='word_1_53' title='bbox 344 1260 478 1323; x_wconf 87' lang='lat' dir='ltr'>persona</span> <span class='ocrx_word' id='word_1_54' title='bbox 492 1237 595 1303; x_wconf 90' lang='lat' dir='ltr'>ledere</span> <span class='ocrx_word' id='word_1_55' title='bbox 610 1237 664 1303; x_wconf 91' lang='lat' dir='ltr'>sed</span> <span class='ocrx_word' id='word_1_56' title='bbox 679 1239 720 1303; x_wconf 87' lang='lat' dir='ltr'>ab</span> <span class='ocrx_word' id='word_1_57' title='bbox 735 1261 771 1303; x_wconf 95' lang='lat' dir='ltr'>eo</span> <span class='ocrx_word' id='word_1_58' title='bbox 786 1237 955 1303; x_wconf 84' lang='lat' dir='ltr'>dumtaxat</span> <span class='ocrx_word' id='word_1_59' title='bbox 969 1261 1027 1324; x_wconf 90' lang='lat' dir='ltr'>per</span> <span class='ocrx_word' id='word_1_60' title='bbox 1041 1236 1201 1304; x_wconf 89' lang='lat' dir='ltr'>huismodi</span> <span class='ocrx_word' id='word_1_61' title='bbox 1218 1248 1372 1304; x_wconf 88' lang='lat' dir='ltr'>terrorem</span> 
     </span>
     <span class='ocr_line' id='line_1_8' title="bbox 169 1341 1375 1429; baseline 0.002 -23"><span class='ocrx_word' id='word_1_62' title='bbox 169 1341 283 1406; x_wconf 86' lang='lat' dir='ltr'>elicere</span> <span class='ocrx_word' id='word_1_63' title='bbox 297 1341 338 1406; x_wconf 91' lang='lat' dir='ltr'>ad</span> <span class='ocrx_word' id='word_1_64' title='bbox 353 1365 489 1428; x_wconf 89' lang='lat' dir='ltr'>quorum</span> <span class='ocrx_word' id='word_1_65' title='bbox 500 1352 668 1408; x_wconf 86' lang='lat' dir='ltr'>accesserat</span> <span class='ocrx_word' id='word_1_66' title='bbox 679 1365 789 1429; x_wconf 90' lang='lat' dir='ltr'>pecora</span> <span class='ocrx_word' id='word_1_67' title='bbox 801 1343 934 1407; x_wconf 87' lang='lat' dir='ltr'>ueritate</span> <span class='ocrx_word' id='word_1_68' title='bbox 949 1352 985 1407; x_wconf 92' lang='lat' dir='ltr'>ut</span> <span class='ocrx_word' id='word_1_69' title='bbox 996 1343 1193 1428; x_wconf 89' lang='lat' dir='ltr'>reliquorum</span> <span class='ocrx_word' id='word_1_70' title='bbox 1208 1343 1288 1408; x_wconf 90' lang='lat' dir='ltr'>lacte</span> <span class='ocrx_word' id='word_1_71' title='bbox 1303 1344 1375 1409; x_wconf 87' lang='lat' dir='ltr'>sine</span> 
     </span>
     <span class='ocr_line' id='line_1_9' title="bbox 169 1445 1374 1533; baseline 0.002 -23"><span class='ocrx_word' id='word_1_72' title='bbox 169 1445 441 1512; x_wconf 86' lang='lat' dir='ltr'>abhominationis</span> <span class='ocrx_word' id='word_1_73' title='bbox 467 1447 638 1533; x_wconf 89' lang='lat' dir='ltr'>opprobrio</span> <span class='ocrx_word' id='word_1_74' title='bbox 664 1455 873 1512; x_wconf 78' lang='lat' dir='ltr'>nascerentur.</span> <span class='ocrx_word' id='word_1_75' title='bbox 924 1448 1010 1530; x_wconf 74' lang='lat' dir='ltr'>Quo,</span> <span class='ocrx_word' id='word_1_76' title='bbox 1035 1447 1118 1511; x_wconf 89' lang='lat' dir='ltr'>inter</span> <span class='ocrx_word' id='word_1_77' title='bbox 1143 1446 1206 1512; x_wconf 89' lang='lat' dir='ltr'>alia</span> <span class='ocrx_word' id='word_1_78' title='bbox 1229 1449 1374 1513; x_wconf 89' lang='lat' dir='ltr'>enormia</span> 
     </span>
     <span class='ocr_line' id='line_1_10' title="bbox 171 1550 1371 1638; baseline 0.004 -25"><span class='ocrx_word' id='word_1_79' title='bbox 171 1572 236 1636; x_wconf 92' lang='lat' dir='ltr'>que</span> <span class='ocrx_word' id='word_1_80' title='bbox 251 1550 290 1615; x_wconf 93' lang='lat' dir='ltr'>de</span> <span class='ocrx_word' id='word_1_81' title='bbox 304 1551 409 1616; x_wconf 88' lang='lat' dir='ltr'>carnis</span> <span class='ocrx_word' id='word_1_82' title='bbox 429 1551 552 1617; x_wconf 91' lang='lat' dir='ltr'>lubrico</span> <span class='ocrx_word' id='word_1_83' title='bbox 567 1551 784 1635; x_wconf 89' lang='lat' dir='ltr'>confitebatur,</span> <span class='ocrx_word' id='word_1_84' title='bbox 800 1574 872 1616; x_wconf 88' lang='lat' dir='ltr'>cum</span> <span class='ocrx_word' id='word_1_85' title='bbox 888 1574 968 1638; x_wconf 91' lang='lat' dir='ltr'>equa</span> <span class='ocrx_word' id='word_1_86' title='bbox 983 1574 1016 1616; x_wconf 92' lang='lat' dir='ltr'>se</span> <span class='ocrx_word' id='word_1_87' title='bbox 1029 1551 1222 1616; x_wconf 89' lang='lat' dir='ltr'>commisisse</span> <span class='ocrx_word' id='word_1_88' title='bbox 1237 1551 1371 1634; x_wconf 86' lang='lat' dir='ltr'>dicente,</span> 
     </span>
     <span class='ocr_line' id='line_1_11' title="bbox 169 1654 1370 1742; baseline 0.002 -24"><span class='ocrx_word' id='word_1_89' title='bbox 169 1654 312 1741; x_wconf 88' lang='lat' dir='ltr'>populus</span> <span class='ocrx_word' id='word_1_90' title='bbox 339 1666 420 1720; x_wconf 89' lang='lat' dir='ltr'>terre</span> <span class='ocrx_word' id='word_1_91' title='bbox 444 1657 500 1742; x_wconf 89' lang='lat' dir='ltr'>qni</span> <span class='ocrx_word' id='word_1_92' title='bbox 526 1655 680 1722; x_wconf 84' lang='lat' dir='ltr'>adherant</span> <span class='ocrx_word' id='word_1_93' title='bbox 704 1655 852 1721; x_wconf 92' lang='lat' dir='ltr'>horrendi</span> <span class='ocrx_word' id='word_1_94' title='bbox 880 1655 1004 1720; x_wconf 90' lang='lat' dir='ltr'>sceleris</span> <span class='ocrx_word' id='word_1_95' title='bbox 1030 1655 1215 1720; x_wconf 88' lang='lat' dir='ltr'>enormitate</span> <span class='ocrx_word' id='word_1_96' title='bbox 1241 1657 1370 1737; x_wconf 87' lang='lat' dir='ltr'>turbati,</span> 
     </span>
     <span class='ocr_line' id='line_1_12' title="bbox 169 1759 1373 1848; baseline 0.003 -26"><span class='ocrx_word' id='word_1_97' title='bbox 169 1759 373 1825; x_wconf 87' lang='lat' dir='ltr'>tradiderunt</span> <span class='ocrx_word' id='word_1_98' title='bbox 387 1783 459 1824; x_wconf 90' lang='lat' dir='ltr'>eum</span> <span class='ocrx_word' id='word_1_99' title='bbox 483 1760 595 1824; x_wconf 90' lang='lat' dir='ltr'>uiuum</span> <span class='ocrx_word' id='word_1_100' title='bbox 618 1760 741 1825; x_wconf 88' lang='lat' dir='ltr'>bestiali</span> <span class='ocrx_word' id='word_1_101' title='bbox 764 1783 835 1824; x_wconf 93' lang='lat' dir='ltr'>cum</span> <span class='ocrx_word' id='word_1_102' title='bbox 858 1760 956 1824; x_wconf 90' lang='lat' dir='ltr'>bestia</span> <span class='ocrx_word' id='word_1_103' title='bbox 979 1782 1074 1845; x_wconf 89' lang='lat' dir='ltr'>quam</span> <span class='ocrx_word' id='word_1_104' title='bbox 1098 1759 1249 1845; x_wconf 90' lang='lat' dir='ltr'>polluerit</span> <span class='ocrx_word' id='word_1_105' title='bbox 1269 1761 1373 1848; x_wconf 91' lang='lat' dir='ltr'>sepul·</span> 
     </span>
     <span class='ocr_line' id='line_1_13' title="bbox 169 1862 1373 1952; baseline 0.002 -24"><span class='ocrx_word' id='word_1_106' title='bbox 169 1862 265 1947; x_wconf 89' lang='lat' dir='ltr'>ture,l</span> <span class='ocrx_word' id='word_1_107' title='bbox 280 1872 316 1927; x_wconf 93' lang='lat' dir='ltr'>ut</span> <span class='ocrx_word' id='word_1_108' title='bbox 331 1865 514 1950; x_wconf 85' lang='lat' dir='ltr'>sepeliretur</span> <span class='ocrx_word' id='word_1_109' title='bbox 530 1864 604 1929; x_wconf 84' lang='lat' dir='ltr'>facti</span> <span class='ocrx_word' id='word_1_110' title='bbox 628 1865 778 1929; x_wconf 90' lang='lat' dir='ltr'>memoria</span> <span class='ocrx_word' id='word_1_111' title='bbox 793 1887 865 1929; x_wconf 88' lang='lat' dir='ltr'>cum</span> <span class='ocrx_word' id='word_1_112' title='bbox 881 1864 1013 1950; x_wconf 90' lang='lat' dir='ltr'>sepultis</span> <span class='ocrx_word' id='word_1_113' title='bbox 1031 1862 1082 1928; x_wconf 90' lang='lat' dir='ltr'>uel</span> <span class='ocrx_word' id='word_1_114' title='bbox 1106 1864 1132 1928; x_wconf 93' lang='lat' dir='ltr'>si</span> <span class='ocrx_word' id='word_1_115' title='bbox 1156 1866 1373 1952; x_wconf 87' lang='lat' dir='ltr'>superuiueret</span> 
     </span>
     <span class='ocr_line' id='line_1_14' title="bbox 169 1966 1375 2056; baseline 0.002 -23"><span class='ocrx_word' id='word_1_116' title='bbox 169 1967 334 2054; x_wconf 90' lang='lat' dir='ltr'>aliquibus</span> <span class='ocrx_word' id='word_1_117' title='bbox 360 1969 489 2034; x_wconf 89' lang='lat' dir='ltr'>haberet</span> <span class='ocrx_word' id='word_1_118' title='bbox 515 1968 714 2055; x_wconf 82' lang='lat' dir='ltr'>superstitem</span> <span class='ocrx_word' id='word_1_119' title='bbox 741 1969 808 2032; x_wconf 90' lang='lat' dir='ltr'>uita</span> <span class='ocrx_word' id='word_1_120' title='bbox 832 1991 911 2055; x_wconf 92' lang='lat' dir='ltr'>pene</span> <span class='ocrx_word' id='word_1_121' title='bbox 940 1966 1025 2056; x_wconf 73' lang='lat' dir='ltr'>[aial.</span> <span class='ocrx_word' id='word_1_122' title='bbox 1081 1968 1165 2034; x_wconf 79' lang='lat' dir='ltr'>Sane</span> <span class='ocrx_word' id='word_1_123' title='bbox 1191 1969 1375 2036; x_wconf 89' lang='lat' dir='ltr'>immanitas</span> 
     </span>
     <span class='ocr_line' id='line_1_15' title="bbox 169 2071 1374 2160; baseline 0.003 -24"><span class='ocrx_word' id='word_1_124' title='bbox 169 2072 315 2138; x_wconf 90' lang='lat' dir='ltr'>criminis</span> <span class='ocrx_word' id='word_1_125' title='bbox 351 2074 555 2160; x_wconf 89' lang='lat' dir='ltr'>promittebat</span> <span class='ocrx_word' id='word_1_126' title='bbox 585 2071 820 2160; x_wconf 88' lang='lat' dir='ltr'>quodammodo</span> <span class='ocrx_word' id='word_1_127' title='bbox 851 2073 998 2138; x_wconf 90' lang='lat' dir='ltr'>meritum</span> <span class='ocrx_word' id='word_1_128' title='bbox 1029 2072 1062 2136; x_wconf 96' lang='lat' dir='ltr'>in</span> <span class='ocrx_word' id='word_1_129' title='bbox 1094 2072 1245 2158; x_wconf 88' lang='lat' dir='ltr'>uindicta,</span> <span class='ocrx_word' id='word_1_130' title='bbox 1277 2083 1309 2139; x_wconf 90' lang='lat' dir='ltr'>et</span> <span class='ocrx_word' id='word_1_131' title='bbox 1339 2075 1374 2141; x_wconf 88' lang='lat' dir='ltr'>in</span> 
     </span>
     <span class='ocr_line' id='line_1_16' title="bbox 170 2177 1374 2263; baseline 0.002 -22"><span class='ocrx_word' id='word_1_132' title='bbox 170 2177 335 2242; x_wconf 91' lang='lat' dir='ltr'>hominem</span> <span class='ocrx_word' id='word_1_133' title='bbox 352 2177 578 2243; x_wconf 89' lang='lat' dir='ltr'>iurisdictionis</span> <span class='ocrx_word' id='word_1_134' title='bbox 600 2177 730 2242; x_wconf 89' lang='lat' dir='ltr'>alterius</span> <span class='ocrx_word' id='word_1_135' title='bbox 754 2200 884 2241; x_wconf 91' lang='lat' dir='ltr'>manum</span> <span class='ocrx_word' id='word_1_136' title='bbox 900 2186 1059 2263; x_wconf 90' lang='lat' dir='ltr'>utcunque</span> <span class='ocrx_word' id='word_1_137' title='bbox 1075 2177 1240 2243; x_wconf 90' lang='lat' dir='ltr'>licentians</span> <span class='ocrx_word' id='word_1_138' title='bbox 1258 2178 1374 2244; x_wconf 92' lang='lat' dir='ltr'>ultioni</span> 
     </span>
     <span class='ocr_line' id='line_1_17' title="bbox 170 2280 1377 2368; baseline 0.001 -21"><span class='ocrx_word' id='word_1_139' title='bbox 170 2305 246 2347; x_wconf 90' lang='lat' dir='ltr'>eum</span> <span class='ocrx_word' id='word_1_140' title='bbox 256 2281 550 2348; x_wconf 88' lang='lat' dir='ltr'>cuiuslibetiudicio</span> <span class='ocrx_word' id='word_1_141' title='bbox 561 2280 731 2346; x_wconf 90' lang='lat' dir='ltr'>uidebatur</span> <span class='ocrx_word' id='word_1_142' title='bbox 742 2305 898 2368; x_wconf 86' lang='lat' dir='ltr'>exponere</span> <span class='ocrx_word' id='word_1_143' title='bbox 913 2281 968 2367; x_wconf 93' lang='lat' dir='ltr'>qui</span> <span class='ocrx_word' id='word_1_144' title='bbox 982 2305 1038 2368; x_wconf 92' lang='lat' dir='ltr'>per</span> <span class='ocrx_word' id='word_1_145' title='bbox 1049 2281 1240 2346; x_wconf 89' lang='lat' dir='ltr'>innaturalis</span> <span class='ocrx_word' id='word_1_146' title='bbox 1254 2283 1377 2348; x_wconf 88' lang='lat' dir='ltr'>abusus</span> 
     </span>
     <span class='ocr_line' id='line_1_18' title="bbox 170 2385 1375 2473; baseline 0.002 -23"><span class='ocrx_word' id='word_1_147' title='bbox 170 2386 323 2451; x_wconf 89' lang='lat' dir='ltr'>iniuriam</span> <span class='ocrx_word' id='word_1_148' title='bbox 347 2387 393 2450; x_wconf 93' lang='lat' dir='ltr'>nil</span> <span class='ocrx_word' id='word_1_149' title='bbox 421 2394 603 2452; x_wconf 88' lang='lat' dir='ltr'>seruauerat</span> <span class='ocrx_word' id='word_1_150' title='bbox 623 2386 663 2450; x_wconf 92' lang='lat' dir='ltr'>de</span> <span class='ocrx_word' id='word_1_151' title='bbox 685 2386 753 2450; x_wconf 91' lang='lat' dir='ltr'>iure</span> <span class='ocrx_word' id='word_1_152' title='bbox 777 2396 899 2451; x_wconf 88' lang='lat' dir='ltr'>nature.</span> <span class='ocrx_word' id='word_1_153' title='bbox 958 2385 1060 2473; x_wconf 86' lang='lat' dir='ltr'>Super</span> <span class='ocrx_word' id='word_1_154' title='bbox 1083 2409 1240 2472; x_wconf 91' lang='lat' dir='ltr'>quocum</span> <span class='ocrx_word' id='word_1_155' title='bbox 1264 2388 1375 2453; x_wconf 93' lang='lat' dir='ltr'>multi-</span> 
     </span>
     <span class='ocr_line' id='line_1_19' title="bbox 169 2488 1375 2577; baseline -0.002 -18"><span class='ocrx_word' id='word_1_156' title='bbox 169 2490 251 2559; x_wconf 91' lang='lat' dir='ltr'>tudo</span> <span class='ocrx_word' id='word_1_157' title='bbox 273 2491 414 2555; x_wconf 88' lang='lat' dir='ltr'>maxima</span> <span class='ocrx_word' id='word_1_158' title='bbox 436 2491 477 2556; x_wconf 92' lang='lat' dir='ltr'>sit</span> <span class='ocrx_word' id='word_1_159' title='bbox 499 2491 532 2555; x_wconf 92' lang='lat' dir='ltr'>in</span> <span class='ocrx_word' id='word_1_160' title='bbox 555 2490 649 2576; x_wconf 93' lang='lat' dir='ltr'>culpa</span> <span class='ocrx_word' id='word_1_161' title='bbox 670 2513 780 2556; x_wconf 91' lang='lat' dir='ltr'>eorum</span> <span class='ocrx_word' id='word_1_162' title='bbox 796 2488 956 2576; x_wconf 89' lang='lat' dir='ltr'>prouideri</span> <span class='ocrx_word' id='word_1_163' title='bbox 978 2491 1073 2555; x_wconf 88' lang='lat' dir='ltr'>saluti</span> <span class='ocrx_word' id='word_1_164' title='bbox 1088 2513 1145 2577; x_wconf 92' lang='lat' dir='ltr'>per</span> <span class='ocrx_word' id='word_1_165' title='bbox 1160 2489 1266 2556; x_wconf 89' lang='lat' dir='ltr'>sedem</span> <span class='ocrx_word' id='word_1_166' title='bbox 1281 2514 1375 2577; x_wconf 88' lang='lat' dir='ltr'>apos-</span> 
     </span>
     <span class='ocr_line' id='line_1_20' title="bbox 169 2594 1376 2681; baseline 0 -20"><span class='ocrx_word' id='word_1_167' title='bbox 169 2596 301 2661; x_wconf 89' lang='lat' dir='ltr'>tolicam</span> <span class='ocrx_word' id='word_1_168' title='bbox 316 2596 459 2681; x_wconf 86' lang='lat' dir='ltr'>petiistis.</span> <span class='ocrx_word' id='word_1_169' title='bbox 507 2594 592 2672; x_wconf 74' lang='lat' dir='ltr'>Quia</span> <span class='ocrx_word' id='word_1_170' title='bbox 615 2617 690 2661; x_wconf 89' lang='lat' dir='ltr'>uero</span> <span class='ocrx_word' id='word_1_171' title='bbox 713 2617 752 2659; x_wconf 90' lang='lat' dir='ltr'>ne</span> <span class='ocrx_word' id='word_1_172' title='bbox 775 2595 948 2659; x_wconf 88' lang='lat' dir='ltr'>multorum</span> <span class='ocrx_word' id='word_1_173' title='bbox 972 2604 1091 2680; x_wconf 83' lang='lat' dir='ltr'>strages</span> <span class='ocrx_word' id='word_1_174' title='bbox 1114 2596 1193 2661; x_wconf 89' lang='lat' dir='ltr'>iacet</span> <span class='ocrx_word' id='word_1_175' title='bbox 1213 2596 1376 2661; x_wconf 89' lang='lat' dir='ltr'>seueritati</span> 
     </span>
     <span class='ocr_line' id='line_1_21' title="bbox 169 2698 1376 2787; baseline -0.002 -20"><span class='ocrx_word' id='word_1_176' title='bbox 169 2708 220 2767; x_wconf 90' lang='lat' dir='ltr'>est</span> <span class='ocrx_word' id='word_1_177' title='bbox 234 2699 356 2786; x_wconf 90' lang='lat' dir='ltr'>aliquid</span> <span class='ocrx_word' id='word_1_178' title='bbox 372 2700 635 2783; x_wconf 87' lang='lat' dir='ltr'>subtrahendum,</span> <span class='ocrx_word' id='word_1_179' title='bbox 650 2698 836 2764; x_wconf 89' lang='lat' dir='ltr'>discretioni</span> <span class='ocrx_word' id='word_1_180' title='bbox 854 2708 956 2764; x_wconf 91' lang='lat' dir='ltr'>uestre</span> <span class='ocrx_word' id='word_1_181' title='bbox 970 2708 1027 2764; x_wconf 85' lang='lat' dir='ltr'>etc.</span> <span class='ocrx_word' id='word_1_182' title='bbox 1045 2709 1201 2785; x_wconf 89' lang='lat' dir='ltr'>quatenns</span> <span class='ocrx_word' id='word_1_183' title='bbox 1215 2701 1260 2764; x_wconf 90' lang='lat' dir='ltr'>eis</span> <span class='ocrx_word' id='word_1_184' title='bbox 1280 2722 1376 2787; x_wconf 86' lang='lat' dir='ltr'>super</span> 
     </span>
     <span class='ocr_line' id='line_1_22' title="bbox 169 2803 1376 2891; baseline -0.002 -21"><span class='ocrx_word' id='word_1_185' title='bbox 169 2825 248 2870; x_wconf 86' lang='lat' dir='ltr'>casu</span> <span class='ocrx_word' id='word_1_186' title='bbox 273 2805 427 2891; x_wconf 91' lang='lat' dir='ltr'>premisso</span> <span class='ocrx_word' id='word_1_187' title='bbox 448 2805 656 2870; x_wconf 88' lang='lat' dir='ltr'>absolutionis</span> <span class='ocrx_word' id='word_1_188' title='bbox 683 2804 870 2868; x_wconf 89' lang='lat' dir='ltr'>beneficium</span> <span class='ocrx_word' id='word_1_189' title='bbox 892 2804 982 2868; x_wconf 87' lang='lat' dir='ltr'>iuxta</span> <span class='ocrx_word' id='word_1_190' title='bbox 1005 2803 1142 2869; x_wconf 85' lang='lat' dir='ltr'>formam</span> <span class='ocrx_word' id='word_1_191' title='bbox 1164 2803 1290 2870; x_wconf 89' lang='lat' dir='ltr'>ecclesie</span> <span class='ocrx_word' id='word_1_192' title='bbox 1312 2805 1376 2868; x_wconf 92' lang='lat' dir='ltr'>im-</span> 
     </span>
     <span class='ocr_line' id='line_1_23' title="bbox 170 2907 1375 2996; baseline 0 -23"><span class='ocrx_word' id='word_1_193' title='bbox 170 2910 342 2996; x_wconf 87' lang='lat' dir='ltr'>pendentes</span> <span class='ocrx_word' id='word_1_194' title='bbox 372 2910 546 2993; x_wconf 87' lang='lat' dir='ltr'>iniungatis</span> <span class='ocrx_word' id='word_1_195' title='bbox 572 2908 700 2973; x_wconf 87' lang='lat' dir='ltr'>cuilibet</span> <span class='ocrx_word' id='word_1_196' title='bbox 727 2931 785 2994; x_wconf 90' lang='lat' dir='ltr'>pro</span> <span class='ocrx_word' id='word_1_197' title='bbox 812 2907 903 2994; x_wconf 92' lang='lat' dir='ltr'>culpe</span> <span class='ocrx_word' id='word_1_198' title='bbox 930 2907 1024 2974; x_wconf 92' lang='lat' dir='ltr'>modo</span> <span class='ocrx_word' id='word_1_199' title='bbox 1053 2909 1262 2995; x_wconf 86' lang='lat' dir='ltr'>penitentiam</span> <span class='ocrx_word' id='word_1_200' title='bbox 1289 2931 1375 2974; x_wconf 90' lang='lat' dir='ltr'>com-</span> 
     </span>
     <span class='ocr_line' id='line_1_24' title="bbox 170 3013 1376 3100; baseline -0.001 -21"><span class='ocrx_word' id='word_1_201' title='bbox 170 3023 330 3100; x_wconf 89' lang='lat' dir='ltr'>petentem</span> <span class='ocrx_word' id='word_1_202' title='bbox 353 3023 384 3079; x_wconf 92' lang='lat' dir='ltr'>et</span> <span class='ocrx_word' id='word_1_203' title='bbox 405 3014 468 3078; x_wconf 90' lang='lat' dir='ltr'>alia</span> <span class='ocrx_word' id='word_1_204' title='bbox 490 3036 551 3099; x_wconf 90' lang='lat' dir='ltr'>que</span> <span class='ocrx_word' id='word_1_205' title='bbox 573 3013 683 3077; x_wconf 88' lang='lat' dir='ltr'>decent</span> <span class='ocrx_word' id='word_1_206' title='bbox 705 3013 822 3077; x_wconf 88' lang='lat' dir='ltr'>talibus</span> <span class='ocrx_word' id='word_1_207' title='bbox 845 3024 876 3077; x_wconf 92' lang='lat' dir='ltr'>et</span> <span class='ocrx_word' id='word_1_208' title='bbox 890 3022 1119 3078; x_wconf 89' lang='lat' dir='ltr'>consueuerunt</span> <span class='ocrx_word' id='word_1_209' title='bbox 1143 3013 1278 3100; x_wconf 86' lang='lat' dir='ltr'>iniungi,</span> <span class='ocrx_word' id='word_1_210' title='bbox 1295 3023 1376 3078; x_wconf 90' lang='lat' dir='ltr'>tem-</span> 
     </span>
     <span class='ocr_line' id='line_1_25' title="bbox 170 3117 1376 3206; baseline 0.002 -24"><span class='ocrx_word' id='word_1_211' title='bbox 170 3129 318 3206; x_wconf 90' lang='lat' dir='ltr'>perantes</span> <span class='ocrx_word' id='word_1_212' title='bbox 333 3118 564 3184; x_wconf 85' lang='lat' dir='ltr'>modifieatione</span> <span class='ocrx_word' id='word_1_213' title='bbox 582 3119 719 3203; x_wconf 87' lang='lat' dir='ltr'>rigorem</span> <span class='ocrx_word' id='word_1_214' title='bbox 735 3126 831 3203; x_wconf 90' lang='lat' dir='ltr'>prout</span> <span class='ocrx_word' id='word_1_215' title='bbox 846 3139 989 3183; x_wconf 87' lang='lat' dir='ltr'>excessus</span> <span class='ocrx_word' id='word_1_216' title='bbox 1011 3117 1206 3203; x_wconf 89' lang='lat' dir='ltr'>precedentis</span> <span class='ocrx_word' id='word_1_217' title='bbox 1221 3119 1376 3184; x_wconf 88' lang='lat' dir='ltr'>acerbitas</span> 
     </span>
     <span class='ocr_line' id='line_1_26' title="bbox 169 3221 746 3308; baseline 0 -20"><span class='ocrx_word' id='word_1_218' title='bbox 169 3223 389 3288; x_wconf 83' lang='lat' dir='ltr'>ulciscentium</span> <span class='ocrx_word' id='word_1_219' title='bbox 404 3221 589 3308; x_wconf 88' lang='lat' dir='ltr'>prouocauit</span> <span class='ocrx_word' id='word_1_220' title='bbox 604 3222 746 3288; x_wconf 78' lang='lat' dir='ltr'>offensas,</span> 
     </span>
    </p>
   </div>
   <div class='ocr_carea' id='block_1_3' title="bbox 648 3419 903 3426">
    <p class='ocr_par' dir='ltr' id='par_1_3' title="bbox 648 3419 903 3426">
     <span class='ocr_line' id='line_1_27' title="bbox 648 3419 903 3426; baseline 0 -1"><span class='ocrx_word' id='word_1_221' title='bbox 648 3419 903 3426; x_wconf 70' lang='lat'>-—.——-</span> 
     </span>
    </p>
   </div>
   <div class='ocr_carea' id='block_1_4' title="bbox 711 3553 837 3620">
    <p class='ocr_par' dir='ltr' id='par_1_4' title="bbox 711 3553 837 3620">
     <span class='ocr_line' id='line_1_28' title="bbox 711 3553 837 3620; baseline 0.016 -4"><span class='ocrx_word' id='word_1_222' title='bbox 711 3553 837 3620; x_wconf 89' lang='lat' dir='ltr'>XVII.</span> 
     </span>
    </p>
   </div>
   <div class='ocr_carea' id='block_1_5' title="bbox 203 3733 1345 3914">
    <p class='ocr_par' dir='ltr' id='par_1_5' title="bbox 203 3733 1345 3914">
     <span class='ocr_line' id='line_1_29' title="bbox 203 3733 1345 3811; baseline -0.002 0"><span class='ocrx_word' id='word_1_223' title='bbox 203 3748 261 3811; x_wconf 84' lang='lat' dir='ltr'>Dn</span> <span class='ocrx_word' id='word_1_224' title='bbox 283 3747 536 3811; x_wconf 78' lang='lat' dir='ltr'>Assonurronn</span> <span class='ocrx_word' id='word_1_225' title='bbox 559 3733 731 3810; x_wconf 74' lang='lat' dir='ltr'>Onrnurn</span> <span class='ocrx_word' id='word_1_226' title='bbox 756 3745 904 3808; x_wconf 71' lang='lat' dir='ltr'>Parra-:a</span> <span class='ocrx_word' id='word_1_227' title='bbox 929 3744 1068 3810; x_wconf 77' lang='lat' dir='ltr'>Samon</span> <span class='ocrx_word' id='word_1_228' title='bbox 1093 3743 1209 3810; x_wconf 78' lang='lat' dir='ltr'>Curua</span> <span class='ocrx_word' id='word_1_229' title='bbox 1231 3762 1345 3809; x_wconf 77' lang='lat' dir='ltr'>surra</span> 
     </span>
     <span class='ocr_line' id='line_1_30' title="bbox 545 3848 1005 3914; baseline -0.002 0"><span class='ocrx_word' id='word_1_230' title='bbox 545 3849 737 3914; x_wconf 80' lang='lat' dir='ltr'>Oocrsroua</span> <span class='ocrx_word' id='word_1_231' title='bbox 760 3848 1005 3914; x_wconf 77' lang='lat' dir='ltr'>Cunnrcoauu.</span> 
     </span>
    </p>
   </div>
   <div class='ocr_carea' id='block_1_6' title="bbox 169 4022 1374 4429">
    <p class='ocr_par' dir='ltr' id='par_1_6' title="bbox 169 4022 1374 4429">
     <span class='ocr_line' id='line_1_31' title="bbox 217 4022 1374 4113; baseline -0.001 -23"><span class='ocrx_word' id='word_1_232' title='bbox 217 4026 377 4113; x_wconf 88' lang='lat' dir='ltr'>Episcopo</span> <span class='ocrx_word' id='word_1_233' title='bbox 402 4025 642 4092; x_wconf 89' lang='lat' dir='ltr'>Cenomanensi.</span> <span class='ocrx_word' id='word_1_234' title='bbox 696 4023 812 4088; x_wconf 91' lang='lat' dir='ltr'>Latere</span> <span class='ocrx_word' id='word_1_235' title='bbox 836 4046 893 4087; x_wconf 94' lang='lat' dir='ltr'>uos</span> <span class='ocrx_word' id='word_1_236' title='bbox 917 4024 1067 4088; x_wconf 90' lang='lat' dir='ltr'>nolumus</span> <span class='ocrx_word' id='word_1_237' title='bbox 1091 4022 1177 4109; x_wconf 90' lang='lat' dir='ltr'>quod</span> <span class='ocrx_word' id='word_1_238' title='bbox 1202 4023 1229 4089; x_wconf 93' lang='lat' dir='ltr'>si</span> <span class='ocrx_word' id='word_1_239' title='bbox 1256 4023 1374 4110; x_wconf 92' lang='lat' dir='ltr'>aliquis</span> 
     </span>
     <span class='ocr_line' id='line_1_32' title="bbox 169 4128 1373 4215; baseline -0.005 -16"><span class='ocrx_word' id='word_1_240' title='bbox 169 4130 293 4199; x_wconf 81' lang='lat' dir='ltr'>occidat</span> <span class='ocrx_word' id='word_1_241' title='bbox 317 4130 464 4195; x_wconf 90' lang='lat' dir='ltr'>clericum</span> <span class='ocrx_word' id='word_1_242' title='bbox 497 4129 546 4193; x_wconf 90' lang='lat' dir='ltr'>uel</span> <span class='ocrx_word' id='word_1_243' title='bbox 575 4128 732 4215; x_wconf 88' lang='lat' dir='ltr'>prelatum</span> <span class='ocrx_word' id='word_1_244' title='bbox 758 4136 789 4192; x_wconf 92' lang='lat' dir='ltr'>et</span> <span class='ocrx_word' id='word_1_245' title='bbox 813 4129 920 4192; x_wconf 90' lang='lat' dir='ltr'>ueniat</span> <span class='ocrx_word' id='word_1_246' title='bbox 945 4128 984 4192; x_wconf 91' lang='lat' dir='ltr'>ad</span> <span class='ocrx_word' id='word_1_247' title='bbox 1013 4128 1134 4192; x_wconf 88' lang='lat' dir='ltr'>curiam</span> <span class='ocrx_word' id='word_1_248' title='bbox 1160 4128 1373 4193; x_wconf 89' lang='lat' dir='ltr'>absoluendus</span> 
     </span>
     <span class='ocr_line' id='line_1_33' title="bbox 170 4232 1373 4319; baseline -0.003 -17"><span class='ocrx_word' id='word_1_249' title='bbox 170 4237 244 4303; x_wconf 88' lang='lat' dir='ltr'>licet</span> <span class='ocrx_word' id='word_1_250' title='bbox 273 4236 314 4301; x_wconf 89' lang='lat' dir='ltr'>ab</span> <span class='ocrx_word' id='word_1_251' title='bbox 351 4233 673 4300; x_wconf 86' lang='lat' dir='ltr'>excommunicatione</span> <span class='ocrx_word' id='word_1_252' title='bbox 710 4242 782 4319; x_wconf 92' lang='lat' dir='ltr'>post</span> <span class='ocrx_word' id='word_1_253' title='bbox 810 4233 942 4297; x_wconf 85' lang='lat' dir='ltr'>multam</span> <span class='ocrx_word' id='word_1_254' title='bbox 974 4232 1158 4297; x_wconf 88' lang='lat' dir='ltr'>instantiam</span> <span class='ocrx_word' id='word_1_255' title='bbox 1188 4233 1373 4298; x_wconf 88' lang='lat' dir='ltr'>absoluatur</span> 
     </span>
     <span class='ocr_line' id='line_1_34' title="bbox 169 4335 1371 4429; baseline -0.005 -23"><span class='ocrx_word' id='word_1_256' title='bbox 169 4341 378 4429; x_wconf 88' lang='lat' dir='ltr'>penitentiam</span> <span class='ocrx_word' id='word_1_257' title='bbox 404 4350 509 4403; x_wconf 89' lang='lat' dir='ltr'>tamen</span> <span class='ocrx_word' id='word_1_258' title='bbox 539 4359 721 4424; x_wconf 88' lang='lat' dir='ltr'>expressam</span> <span class='ocrx_word' id='word_1_259' title='bbox 745 4337 790 4401; x_wconf 92' lang='lat' dir='ltr'>ibi</span> <span class='ocrx_word' id='word_1_260' title='bbox 821 4360 886 4401; x_wconf 91' lang='lat' dir='ltr'>non</span> <span class='ocrx_word' id='word_1_261' title='bbox 910 4336 1033 4423; x_wconf 86' lang='lat' dir='ltr'>recipit,</span> <span class='ocrx_word' id='word_1_262' title='bbox 1058 4335 1112 4401; x_wconf 92' lang='lat' dir='ltr'>sed</span> <span class='ocrx_word' id='word_1_263' title='bbox 1143 4336 1183 4400; x_wconf 91' lang='lat' dir='ltr'>ad</span> <span class='ocrx_word' id='word_1_264' title='bbox 1213 4337 1371 4422; x_wconf 89' lang='lat' dir='ltr'>prelatum</span> 
     </span>
    </p>
   </div>
   <div class='ocr_carea' id='block_1_7' title="bbox 168 4528 1369 4767">
    <p class='ocr_par' dir='ltr' id='par_1_7' title="bbox 168 4528 1369 4767">
     <span class='ocr_line' id='line_1_35' title="bbox 203 4528 1368 4596; baseline -0.004 -12"><span class='ocrx_word' id='word_1_265' title='bbox 203 4533 213 4564; x_wconf 88' lang='lat'>¹</span> <span class='ocrx_word' id='word_1_266' title='bbox 225 4533 284 4585; x_wconf 83' lang='lat' dir='ltr'>The</span> <span class='ocrx_word' id='word_1_267' title='bbox 300 4532 405 4584; x_wconf 88' lang='lat' dir='ltr'>ancient</span> <span class='ocrx_word' id='word_1_268' title='bbox 416 4532 474 4582; x_wconf 90' lang='lat' dir='ltr'>rule</span> <span class='ocrx_word' id='word_1_269' title='bbox 485 4548 537 4582; x_wconf 86' lang='lat' dir='ltr'>was</span> <span class='ocrx_word' id='word_1_270' title='bbox 554 4531 613 4582; x_wconf 86' lang='lat' dir='ltr'>that</span> <span class='ocrx_word' id='word_1_271' title='bbox 624 4548 640 4581; x_wconf 89' lang='lat' dir='ltr'>a</span> <span class='ocrx_word' id='word_1_272' title='bbox 651 4530 724 4582; x_wconf 81' lang='lat' dir='ltr'>beust</span> <span class='ocrx_word' id='word_1_273' title='bbox 735 4531 797 4581; x_wconf 89' lang='lat' dir='ltr'>thus</span> <span class='ocrx_word' id='word_1_274' title='bbox 808 4529 928 4596; x_wconf 88' lang='lat' dir='ltr'>polluted</span> <span class='ocrx_word' id='word_1_275' title='bbox 940 4529 1037 4581; x_wconf 90' lang='lat' dir='ltr'>should</span> <span class='ocrx_word' id='word_1_276' title='bbox 1049 4529 1080 4580; x_wconf 93' lang='lat' dir='ltr'>be</span> <span class='ocrx_word' id='word_1_277' title='bbox 1092 4528 1177 4580; x_wconf 88' lang='lat' dir='ltr'>killed</span> <span class='ocrx_word' id='word_1_278' title='bbox 1190 4528 1242 4580; x_wconf 91' lang='lat' dir='ltr'>and</span> <span class='ocrx_word' id='word_1_279' title='bbox 1257 4529 1292 4580; x_wconf 87' lang='lat' dir='ltr'>its</span> <span class='ocrx_word' id='word_1_280' title='bbox 1303 4528 1368 4580; x_wconf 88' lang='lat' dir='ltr'>flesh</span> 
     </span>
     <span class='ocr_line' id='line_1_36' title="bbox 168 4612 1369 4681; baseline -0.007 -11"><span class='ocrx_word' id='word_1_281' title='bbox 168 4619 274 4670; x_wconf 83' lang='lat' dir='ltr'>thrown</span> <span class='ocrx_word' id='word_1_282' title='bbox 292 4624 319 4668; x_wconf 89' lang='lat' dir='ltr'>to</span> <span class='ocrx_word' id='word_1_283' title='bbox 336 4616 383 4668; x_wconf 88' lang='lat' dir='ltr'>the</span> <span class='ocrx_word' id='word_1_284' title='bbox 399 4614 645 4681; x_wconf 83' lang='lat' dir='ltr'>doga-Poenitent.</span> <span class='ocrx_word' id='word_1_285' title='bbox 663 4613 794 4665; x_wconf 90' lang='lat' dir='ltr'>Theodor.</span> <span class='ocrx_word' id='word_1_286' title='bbox 811 4628 843 4665; x_wconf 86' lang='lat'>11.</span> <span class='ocrx_word' id='word_1_287' title='bbox 858 4613 896 4680; x_wconf 84' lang='lat' dir='ltr'>xj.</span> <span class='ocrx_word' id='word_1_288' title='bbox 916 4613 964 4675; x_wconf 58' lang='lat' dir='ltr'>aa.</span> <span class='ocrx_word' id='word_1_289' title='bbox 1005 4612 1146 4664; x_wconf 87' lang='lat' dir='ltr'>Poenitent.</span> <span class='ocrx_word' id='word_1_290' title='bbox 1167 4612 1330 4676; x_wconf 87' lang='lat' dir='ltr'>Cummeani,</span> <span class='ocrx_word' id='word_1_291' title='bbox 1348 4626 1369 4662; x_wconf 91' lang='lat'>1.</span> 
     </span>
     <span class='ocr_line' id='line_1_37' title="bbox 170 4695 973 4767; baseline -0.006 -14"><span class='ocrx_word' id='word_1_292' title='bbox 170 4703 183 4765; x_wconf 68' lang='grc' dir='ltr'>Ξ</span> <span class='ocrx_word' id='word_1_293' title='bbox 197 4703 237 4754; x_wconf 82' lang='lat'>28.</span> <span class='ocrx_word' id='word_1_294' title='bbox 274 4698 519 4767; x_wconf 67' lang='lat' dir='ltr'>(Wasserschlebem</span> <span class='ocrx_word' id='word_1_295' title='bbox 532 4697 761 4763; x_wconf 88' lang='lat' dir='ltr'>Bussordnungen‚</span> <span class='ocrx_word' id='word_1_296' title='bbox 774 4714 819 4763; x_wconf 90' lang='lat' dir='ltr'>pp.</span> <span class='ocrx_word' id='word_1_297' title='bbox 833 4698 889 4761; x_wconf 80' lang='lat'>212,</span> <span class='ocrx_word' id='word_1_298' title='bbox 902 4695 973 4761; x_wconf 72' lang='lat'>467).</span> 
     </span>
    </p>
   </div>
   <div class='ocr_carea' id='block_1_8' title="bbox 0 0 1554 5476">
    <p class='ocr_par' dir='ltr' id='par_1_8' title="bbox 0 0 1554 5476">
     <span class='ocr_line' id='line_1_38' title="bbox 0 0 1554 5476; baseline 0 0"><span class='ocrx_word' id='word_1_299' title='bbox 0 0 1554 5476; x_wconf 95' lang='lat' dir='ltr'> </span> 
     </span>
    </p>
   </div>
  </div>
 </body>
</html>
