3098 5476
304 532 403 580 axv.
430 531 483 578 nu
509 531 763 580 sancturus
790 531 976 580 Junrcun
1006 531 1093 579 nro.
1257 514 1297 579 79

558 760 606 804 nu
630 759 761 805 aonam.
786 741 845 827 (2).

141 914 304 1002 Episcopo
326 955 467 983 —.
528 915 652 980 Fratris
682 915 832 1000 Symonis
855 916 996 981 canonici
1023 914 1122 980 sancti
1151 913 1299 992 Quintini

99 1019 304 1085 Beluacensis
322 1019 444 1086 ordinis
467 1020 566 1084 sancti
582 1019 759 1104 Augustini
781 1020 965 1084 transmissa
981 1018 1092 1106 petitio
1108 1020 1298 1100 continebat,

96 1123 186 1210 quod
210 1125 278 1210 ipse
300 1125 376 1190 olim
397 1124 527 1188 clericus
549 1123 698 1188 secularis
720 1124 866 1206 existens
882 1123 1008 1188 cuidam
1030 1124 1302 1189 excommunicato

93 1251 172 1293 oum
187 1227 255 1293 suis
269 1229 533 1315 participantibus
548 1228 794 1293 communicauit
809 1228 842 1292 in
860 1229 964 1311 missa,
974 1239 1005 1292 et
1019 1251 1092 1292 cum
1108 1251 1147 1292 ex
1162 1228 1221 1294 hoc
1237 1253 1302 1294 non

93 1331 239 1398 crederet
254 1355 287 1398 se
301 1333 402 1398 teneri
417 1332 457 1397 ad
474 1331 600 1397 ordines
623 1331 867 1397 subdiaconatus
882 1342 912 1396 et
926 1332 1110 1397 diaconatus
1125 1334 1252 1398 accessit
1267 1335 1300 1398 in

94 1437 214 1519 seculo,
225 1446 255 1501 et
270 1436 468 1523 irreligione
482 1436 625 1500 ordinem
641 1437 866 1522 presbiteratus
881 1437 1051 1522 assumpsit
1062 1447 1093 1501 et
1108 1436 1302 1503 ministrauit

95 1539 329 1606 nichilominus
352 1541 385 1605 in
408 1540 535 1607 eisdem.
582 1539 688 1626 Super
702 1540 820 1627 quibus
842 1540 905 1622 fuit
927 1539 1090 1605 humiliter
1105 1542 1301 1627 postulatum

97 1655 156 1710 etc.
197 1645 268 1710 Nos
279 1655 384 1710 autem
396 1655 453 1710 etc.
465 1655 621 1731 quatenus
632 1645 755 1730 prefato
766 1644 798 1710 S.
810 1645 850 1709 ab
862 1646 1184 1715 excommunicatione
1196 1646 1303 1712 huius-

99 1748 188 1815 modi
212 1751 303 1813 iuxta
326 1749 462 1815 formam
484 1749 609 1814 ecclesie
630 1749 776 1814 absoluto
796 1760 827 1814 et
841 1749 984 1813 iniuncta
1005 1749 1033 1814 ei
1056 1750 1229 1835 penitentia
1244 1760 1301 1815 etc.

102 1877 202 1940 usque
216 1853 406 1919 admittatis,
1287 1846 1289 1852 ¹

559 1994 607 2039 nu
630 1993 762 2040 aonam.
787 1974 844 2060 (3).

146 2150 306 2237 Episcopo
318 2151 515 2216 Troianensi.
560 2149 690 2214 Humili
706 2150 797 2215 nobis
813 2187 944 2199 ——
959 2151 1105 2215 monachi
1121 2153 1304 2216 monasterii

105 2256 335 2320 Turremaioris
361 2255 476 2320 latores
502 2255 695 2340 presentium
718 2253 911 2320 confessione
936 2264 1194 2320 monstrauerunt
1217 2255 1303 2342 quod

105 2382 174 2424 cum
199 2358 238 2425 G.
255 2359 353 2424 abbas
375 2382 485 2424 eorum
508 2358 619 2423 uillam
642 2359 740 2423 sancti
764 2357 967 2447 Seue[rini?]
992 2369 1022 2423 et
1045 2370 1183 2424 castrum
1205 2359 1305 2424 sancti

105 2464 232 2528 Andree
253 2463 293 2527 ad
317 2464 422 2548 ipsum
446 2462 671 2527 monasterium
692 2464 883 2548 pertinentes
907 2464 941 2527 in
965 2486 1077 2528 manus
1101 2464 1302 2549 imperatoris

105 2567 238 2632 alienare
260 2567 369 2632 illicite
391 2567 641 2653 presumpsisset,
659 2567 720 2652 ipsi
742 2575 828 2631 metu
851 2567 1011 2653 perterriti
1029 2591 1065 2632 ac
1085 2591 1141 2654 per
1156 2568 1303 2633 abbatem

104 2672 258 2758 compulsi
274 2671 456 2736 alienationi
473 2671 655 2735 huiusmodi
672 2682 902 2738 consenserunt.
948 2672 1075 2740 Verum
1091 2696 1161 2736 cum
1179 2695 1235 2758 per
1247 2695 1305 2738 uos

104 2786 133 2840 et
146 2776 302 2862 collegam
317 2783 458 2840 uestrum
477 2799 517 2840 ex
539 2774 734 2860 delegatione
756 2775 926 2861 apostolica
949 2775 1081 2840 fuissent
1099 2776 1304 2862 postmodum

105 2880 233 2945 uinculo
248 2880 582 2945 excommunicationis
597 2880 726 2962 astricti,
737 2880 777 2944 ab
792 2879 901 2944 eodem
916 2881 1028 2945 abbate
1043 2881 1139 2945 coacti
1158 2904 1215 2966 per
1229 2882 1305 2946 sub-

104 2985 292 3050 tractionem
303 2985 547 3048 necessariorum
558 2994 589 3048 et
602 2984 704 3048 uictus
719 2983 831 3047 diuina
842 2983 946 3048 officia
956 2984 1165 3050 celebrarunt.
1201 2985 1305 3071 Super

104 3089 221 3175 quibus
240 3088 410 3175 apostolice
430 3086 512 3152 sedis
533 3086 781 3152 misericordiam
800 3087 1022 3173 implorarunt,
1039 3099 1199 3174 sperantes
1218 3089 1304 3175 apud

104 3191 193 3258 illius
216 3193 370 3257 uicarium
393 3193 448 3278 qui
471 3215 544 3256 cum
567 3193 666 3256 iratus
689 3191 751 3257 fuit
773 3215 836 3256 non
860 3192 1060 3256 obliuiscitur
1076 3193 1304 3276 misererisibi

104 3296 316 3363 misericordie
345 3297 478 3368 ianuam¹
503 3297 628 3382 aperiri.
691 3296 919 3361 Clamauerunt
949 3295 1105 3382 siquidem
1135 3296 1201 3379 diu,
1231 3320 1305 3383 pro-

103 3401 274 3488 pulsarunt
294 3401 578 3487 supplicationibus
599 3411 631 3464 et
653 3400 791 3465 lacrimis
813 3400 1043 3486 supplicarunt,
1068 3400 1122 3465 sed
1146 3401 1303 3487 frequenti

104 3528 215 3571 eorum
230 3506 382 3569 instancie
406 3504 601 3590 frequentem
616 3505 763 3590 opposuit
778 3504 915 3591 qualitas
939 3504 1054 3570 offense
1077 3505 1247 3591 repulsam,
1264 3527 1304 3569 ne

105 3610 240 3674 facilitas
256 3610 347 3674 venie
362 3609 557 3674 incentiuum
573 3608 725 3673 tribueret
740 3608 955 3695 delinquendi.
1003 3607 1085 3673 Sane
1100 3609 1184 3672 uinci
1200 3609 1306 3674 uoluit

104 3713 254 3780 dominus
265 3713 494 3799 supplicatione
505 3712 620 3777 humili
631 3736 765 3777 cananea
776 3712 1002 3798 discipulorum
1013 3712 1122 3777 adiuta
1131 3713 1307 3798 suffragiis;

106 3819 191 3882 uinci
208 3817 311 3883 uoluit
325 3825 356 3882 et
371 3817 437 3882 eius
453 3817 588 3881 uicarius
609 3816 744 3902 supplici
762 3816 941 3881 humilitate
956 3818 1163 3902 peccantium,
1181 3818 1306 3903 petitio-

104 3945 179 3987 nem
201 3944 309 3986 eorum
334 3921 490 3986 nobilium
513 3921 654 4007 plurium
678 3921 909 3986 interuentioue
931 3921 1095 3985 suffultam
1112 3920 1153 3986 ad
1168 3923 1303 4006 gratiam

103 4026 316 4092 exauditionis
342 4024 521 4108 admittens,
550 4026 712 4111 presertim
737 4047 808 4088 cum
836 4025 978 4111 ipsorum
1004 4025 1097 4111 culpa
1123 4027 1307 4112 processisse

105 4130 251 4195 credatur
262 4151 302 4194 ex
317 4130 434 4194 iniuria
449 4129 645 4215 presidentis.
684 4129 770 4207 Quia
787 4152 861 4194 uero
878 4130 911 4192 in
927 4129 1022 4194 archa
1037 4129 1153 4194 federis
1167 4141 1198 4194 et
1214 4131 1307 4216 uirga

104 4235 325 4300 continebatur
347 4244 379 4298 et
403 4257 529 4317 manna,
547 4245 582 4298 ut
606 4234 683 4298 dicti
706 4269 838 4282 —-
859 4243 931 4319 post
953 4235 1159 4320 correptionis
1182 4235 1307 4319 uirgam

105 4338 313 4404 absolutionis
336 4361 486 4402 mannam
504 4338 680 4423 degustent,
698 4338 782 4423 ipsos
805 4337 845 4403 de
867 4338 994 4424 speciali
1019 4337 1167 4403 mandato
1182 4337 1306 4403 domini

105 4466 187 4529 pape
208 4443 248 4508 ab
271 4443 593 4508 excommunicatione
615 4442 797 4507 huiusmodi
818 4443 909 4507 iuxta
926 4443 1059 4507 formam
1077 4442 1202 4507 ecclesie
1217 4441 1309 4507 abso-

106 4547 191 4612 lutos
212 4546 253 4611 ad
276 4569 333 4612 uos
355 4547 508 4611 duximus
523 4546 728 4611 remittendos
743 4556 846 4611 uestre
862 4546 1061 4632 prouidentie
1077 4546 1307 4611 committentes

107 4661 267 4738 quatenus
290 4652 432 4715 iniuncta
447 4651 491 4715 eis
515 4674 572 4736 pro
594 4650 686 4715 modo
710 4650 801 4735 culpe
823 4652 998 4736 penitentia
1012 4652 1202 4736 competenti
1225 4650 1310 4714 infra
