3098 5476
741 882 800 949 01.

193 1075 249 1140 Du
272 1092 317 1138 no
339 1092 402 1150 om
425 1091 500 1138 non
523 1073 770 1138 Rnocnunrun
792 1075 928 1142 Urnou
951 1076 1370 1143 Racnrnn1r0nn1nss.‘

686 1200 692 1224 2

214 1248 346 1315 Vicario
371 1249 617 1335 Pampilonensi.
672 1248 725 1313 Ex
755 1248 869 1314 litteris
900 1251 1012 1315 uestris
1042 1260 1074 1315 et
1100 1251 1298 1317 confessione
1326 1252 1374 1319 M.

170 1355 336 1442 presbiteri
373 1353 483 1419 latoris
520 1354 715 1438 presentium
752 1352 874 1418 diaconi
913 1353 1075 1440 [diocesis]
1114 1355 1375 1442 Pampilonensis

170 1460 345 1546 accepimus
368 1457 452 1545 quod
477 1480 540 1523 non
557 1458 693 1523 recolens
716 1480 748 1522 se
767 1457 904 1522 minores
920 1457 1048 1523 ordines
1062 1459 1225 1543 accepisse,
1242 1459 1373 1525 credens

170 1573 277 1629 tamen
292 1563 389 1628 uerbo
405 1563 504 1648 patris
526 1561 659 1626 dicentis
681 1561 767 1647 quod
790 1585 863 1626 eum
877 1561 919 1627 ad
941 1563 1027 1648 ipsos
1051 1561 1165 1627 fecerat
1179 1566 1372 1648 promoueri,

171 1669 203 1732 in
220 1667 448 1734 subdiaconum
463 1677 494 1730 et
509 1665 683 1749 diaconem,
699 1665 827 1730 tandem
851 1667 882 1729 in
906 1667 1117 1751 presbiterum
1140 1668 1271 1733 statutis
1293 1678 1373 1733 tem-

169 1773 301 1858 poribus
323 1777 370 1836 est
393 1779 566 1856 promotus.
614 1770 704 1834 Licet
726 1780 831 1834 autem
854 1769 1072 1836 credulitatem
1096 1772 1221 1857 ingerat
1242 1774 1372 1839 assertio

169 1876 330 1963 genitoris,
354 1875 430 1962 quia
451 1883 556 1938 tamen
580 1874 844 1960 tranquillitatem
866 1897 920 1939 sue
942 1876 1129 1941 conscientie
1151 1899 1216 1942 non
1241 1877 1371 1961 inducit,

170 1980 211 2047 ad
233 1979 401 2066 apostolice
424 1979 506 2045 sedis
528 1978 623 2043 duxit
644 1978 823 2043 subsidium
845 1979 1080 2045 recurrendum.
1127 1981 1287 2058 Quocirca
1309 1981 1372 2047 dis·

171 2085 301 2150 cretioni
326 2093 431 2149 uestre
455 2082 655 2148 rescribimus
683 2093 837 2169 quatenus
861 2084 888 2148 si
914 2083 1089 2168 probabilis
1114 2085 1182 2149 eius
1205 2085 1371 2151 credulitas

170 2188 298 2276 prouidi
320 2188 421 2275 patris
443 2188 608 2254 assertioni
630 2211 662 2252 se
684 2187 833 2274 applicat,
856 2189 1025 2272 presertim
1047 2188 1074 2252 si
1097 2189 1293 2254 executionis
1315 2199 1371 2254 tes-

169 2294 339 2359 timonium
356 2293 556 2378 impressioni
579 2292 766 2357 characteris
788 2291 989 2376 suffragatur,
1006 2292 1184 2376 scrupulosi
1208 2293 1370 2358 curiositas

171 2398 310 2464 excitare
325 2420 388 2462 non
405 2396 497 2462 debet
513 2396 662 2460 iniuriam
679 2405 883 2461 sacramento

632 2606 681 2651 ns
703 2605 835 2651 nonan.
860 2585 917 2673 (2).

216 2765 337 2830 Abbati
367 2802 506 2830 —.
567 2761 743 2827 Mauricius
768 2763 922 2848 presbiter
952 2762 1125 2827 monachus
1155 2771 1261 2828 uester
1291 2763 1371 2830 lator

172 2869 366 2957 presentium
390 2867 506 2931 humili
533 2867 625 2932 nobis
648 2867 841 2932 confessione
865 2867 1054 2932 monstrauit
1078 2866 1163 2953 quod
1189 2867 1315 2933 duobus
1337 2868 1374 2932 de

173 2974 349 3039 minoribus
376 2973 456 3038 sicut
478 2970 577 3036 credit
599 2972 727 3036 obmisit
752 2969 929 3058 [obmissis]
957 2970 999 3036 ad
1030 2993 1133 3036 sacros
1160 2971 1289 3036 ordines
1314 2973 1375 3036 fuit

172 3078 251 3142 alias
266 3077 325 3141 rite
340 3084 512 3161 promotus.
560 3074 644 3140 Cum
658 3085 764 3138 autem
779 3073 818 3138 de
833 3075 1023 3139 obmissione
1038 3073 1174 3140 duorum
1191 3075 1224 3138 in
1241 3074 1374 3140 dubium

174 3191 298 3248 reuocet
312 3179 505 3266 supplicauit
520 3179 684 3242 humiliter
698 3201 793 3264 super
808 3178 866 3243 hoc
888 3178 950 3243 sibi
972 3177 1055 3243 sedis
1076 3178 1248 3263 apostolice
1266 3181 1375 3266 proui-

172 3286 282 3351 dentia
297 3284 468 3349 subueniri.
508 3284 597 3362 Quia
608 3305 683 3347 uero
698 3305 762 3347 non
774 3282 964 3367 intelligitur
976 3283 1124 3346 iteratum
1135 3283 1222 3369 quod
1238 3285 1376 3349 nescitur

174 3413 239 3455 esse
255 3389 371 3453 factum
387 3389 567 3453 discretioni
583 3397 686 3451 uestre
708 3386 893 3451 auctoritate
908 3386 1030 3452 domini
1046 3409 1128 3473 pape
1145 3388 1376 3454 committimus

175 3504 329 3580 quatenus
352 3493 436 3557 dicto
451 3492 498 3557 M.
514 3515 533 3557 a
555 3513 716 3556 sacrorum
737 3489 886 3554 ordinum
905 3492 1087 3556 executione
1109 3514 1262 3577 suspenso
1278 3492 1376 3558 donec

175 3599 305 3684 recipiat
328 3619 407 3683 quos
437 3595 537 3661 credit
566 3597 729 3677 obmissos,
756 3594 883 3659 tandem
916 3596 942 3659 si
972 3595 1061 3659 aliud
1091 3597 1280 3661 canonicum
1311 3621 1375 3663 non

119 3735 121 3739 ¹
175 3703 307 3768 obsistat
328 3702 434 3788 ipsum
457 3702 489 3764 in
513 3701 695 3765 executione
717 3699 824 3764 debita
846 3723 976 3764 suorum
999 3699 1148 3765 ordinum
1172 3700 1352 3768 dimittatis.

650 3912 905 3921 --—-—--·-—-—

737 4047 814 4115 ΟΠ.

543 4224 600 4288 Dn
624 4225 790 4290 Fonrrvn
814 4225 1004 4291 Pnonoms,

220 4398 379 4485 Episcopo
393 4436 534 4466 —.
582 4400 801 4465 Subdiaconus
823 4400 906 4464 lator
928 4400 1122 4486 presentium
1146 4400 1263 4465 humili
1286 4403 1377 4467 nobis

174 4505 368 4570 confessione
394 4505 584 4569 monstrauit
608 4504 693 4590 quod
719 4528 792 4569 cum
818 4503 942 4569 uelletis
969 4505 1094 4570 ordines
1119 4505 1287 4591 celebrare,
1313 4531 1377 4572 non

175 4618 372 4694 presentatus
398 4609 439 4674 ab
468 4609 578 4695 aliquo
608 4610 659 4674 uel
689 4619 830 4692 uocatus,
858 4609 937 4674 iuris
967 4610 1096 4696 ignarus
1127 4633 1160 4674 se
1190 4610 1377 4677 ordinandis

173 4713 346 4778 immiscuit
376 4724 406 4778 et
435 4714 468 4776 in
499 4713 727 4779 subdiaconum
759 4714 820 4778 fuit
850 4724 1022 4800 promotus.
1098 4715 1244 4780 Tandem
1276 4717 1376 4803 ipsius
