3098 5476
329 577 470 645 oxxv.‚
500 578 646 627 cxxv1.
674 579 725 625 nn
754 577 1047 626 urrn1uou1o.
1224 561 1285 624 129

613 824 764 891 CXXV.

181 1001 238 1065 Da
260 1001 499 1065 Mnraruouro
522 1000 735 1065 Conranouo
758 1018 841 1064 Posr
863 1000 999 1067 Vorun
1023 999 1197 1064 Smrnnx.

127 1155 289 1240 Episcopo
303 1154 467 1221 Suessano.
513 1154 595 1219 Cum
614 1163 725 1218 uotum
748 1153 886 1239 simplex
908 1153 981 1218 licet
996 1153 1149 1239 impediat
1163 1162 1288 1219 contra·

81 1259 225 1324 bendum
241 1270 425 1323 nontamen
442 1258 573 1322 dirimat
590 1258 827 1323 matrimonium
851 1257 913 1322 iam
936 1266 1143 1340 contractum,
1160 1258 1193 1321 in
1213 1281 1287 1322 casu

83 1387 179 1449 quem
204 1364 345 1428 continet
367 1363 484 1449 pagina
509 1372 613 1427 uestra
639 1363 837 1447 presentibus
861 1361 1042 1439 interclusa,
1063 1379 1125 1448 que
1149 1361 1286 1427 mittenti

83 1468 258 1533 remittitur
272 1466 312 1532 ad
336 1468 500 1550 cautelam,
518 1489 581 1531 non
606 1465 751 1530 uidemus
773 1465 859 1552 quod
882 1488 974 1531 usum
999 1466 1159 1530 interdicit
1180 1467 1286 1530 matri-

85 1571 185 1638 monii
202 1570 422 1655 consummati,
439 1593 510 1635 cum
527 1593 675 1656 personas
694 1569 733 1634 de
748 1570 864 1657 quibus
879 1571 986 1655 agitur
1000 1580 1112 1637 uotum
1127 1571 1289 1656 solempne

85 1677 276 1741 continentie
291 1699 355 1741 non
370 1676 541 1761 astringat:
565 1675 693 1740 uouenti
709 1686 814 1738 tamen
830 1673 870 1739 de
886 1675 951 1739 uoti
968 1674 1121 1760 simplicis
1137 1676 1290 1739 fractione

85 1779 270 1865 inungendo
284 1790 331 1845 est
347 1781 519 1865 penitentia
534 1769 692 1861 salutaris,
704 1802 759 1842 nec
775 1792 840 1843 tam
856 1778 936 1843 leuis
951 1778 1037 1864 quod
1053 1788 1166 1844 uotum
1181 1779 1290 1845 ueniat

85 1885 119 1948 in
141 1894 368 1969 contemptum,
393 1907 449 1948 nec
471 1894 537 1948 tam
556 1884 664 1968 grauis
686 1883 770 1968 quod
794 1905 927 1968 sequens
951 1883 1071 1947 bonum
1093 1883 1288 1948 matrimonii

86 2012 151 2054 non
165 1987 275 2053 afferat
291 1988 502 2054 moderamen.

562 2127 810 2137 ...-.——-——-—

603 2264 776 2333 CXXVI.

110 2440 165 2504 Dn
189 2458 236 2504 no
258 2459 321 2517 om
344 2440 558 2506 Conraaxrr
581 2459 621 2503 m
645 2439 773 2504 siens
796 2441 998 2505 Oannunus
1021 2440 1271 2507 OONSTITUTUS.

132 2614 291 2701 Episcopo
307 2615 484 2680 Palentino.
518 2616 657 2680 Litteras
672 2638 751 2701 quas
766 2638 823 2701 per
834 2652 966 2664 —-
977 2615 1143 2680 diaconum
1157 2616 1289 2681 latorem

90 2720 280 2806 presentium
295 2719 336 2784 ad
358 2719 465 2784 sedem
479 2720 684 2806 apostolicam
699 2719 879 2785 destinastis
902 2730 933 2784 et
948 2720 1174 2786 confessionem
1191 2721 1290 2806 ipsius

91 2825 237 2910 scriptam
260 2825 352 2889 uobis
378 2825 536 2890 mittimus
560 2825 758 2910 presentibus
783 2824 996 2907 interclusam,
1020 2826 1205 2891 auctoritate
1232 2836 1289 2890 etc.

91 2937 242 3014 quatenus
264 2928 290 2993 si
310 2928 472 2994 mulierem
488 2929 556 3015 ipse
570 2952 628 3014 pro
644 2929 821 2993 concubina
836 2930 967 2993 retinuit
982 2928 1021 2993 de
1037 2953 1100 3014 qua
1117 2929 1233 2994 fecistis
1256 2931 1290 2994 in

91 3033 200 3097 uestris
209 3032 323 3097 litteris
332 3033 535 3116 mentionem,
543 3033 863 3098 eundemasententia
872 3033 906 3096 in
916 3033 1155 3099 concubinarios
1164 3033 1292 3099 clericos

91 3136 288 3222 promulgata
297 3138 387 3202 iuxta
399 3136 534 3202 formam
546 3138 671 3202 ecclesie
682 3138 855 3202 absoluatis
866 3147 897 3202 et
909 3138 1072 3222 inungatis
1084 3140 1112 3202 ei
1124 3148 1180 3204 etc.
1192 3160 1292 3224 usque

91 3240 282 3327 dispensetis
328 3241 362 3306 Si
387 3264 460 3306 uero
483 3241 710 3306 matrimoniali
732 3241 846 3328 copula
861 3243 925 3306 sint
941 3242 1099 3306 coniuncti
1121 3265 1216 3328 super
1231 3242 1293 3307 hoc

91 3345 248 3410 ordinario
264 3345 331 3409 iure
346 3346 489 3432 poteritis
504 3346 653 3432 prosequi
668 3345 811 3411 debitum
827 3345 927 3411 officii
938 3346 1114 3431 pastoralis.

550 3557 598 3601 nn
620 3556 753 3603 nonan.
777 3537 835 3626 (2).

133 3712 293 3798 Episcopo
315 3712 494 3778 Ymolensi.
547 3712 704 3779 (luidonis
730 3712 916 3778 subdiaconi
940 3713 1082 3778 canonici
1104 3711 1292 3778 Ymolenais

90 3817 198 3882 latoris
213 3817 406 3902 presentium
420 3817 575 3882 confessio
590 3818 771 3883 continebat
786 3817 872 3903 quod
889 3828 1056 3904 postquam
1073 3818 1136 3883 fuit
1151 3818 1191 3882 ad
1208 3818 1292 3883 ordi·

90 3944 161 3985 nem
176 3919 420 3986 subdiaconatus
442 3931 623 4008 assumptus
646 3922 807 4008 quandam
830 3923 988 4008 uirginem
1011 3923 1071 3987 sibi
1095 3923 1153 3988 sub
1176 3923 1293 3988 umbra

91 4025 284 4091 matrimonii
299 4026 450 4112 copulans
469 4049 524 4112 per
539 4026 646 4112 plures
662 4050 762 4091 annos
777 4027 971 4091 cohabitauit
986 4027 1097 4092 eidem.
1145 4025 1289 4092 Tandem

90 4131 206 4216 apertis
223 4129 431 4216 intelligentie
446 4130 554 4214 oculis,
571 4131 697 4216 cognita
712 4132 816 4216 culpa,
834 4131 998 4195 mulierem
1014 4130 1137 4196 dimisit
1150 4131 1292 4197 eandem.

91 4233 192 4321 Super
207 4257 270 4321 quo
285 4244 341 4300 etc.
387 4235 456 4300 Nos
478 4244 582 4300 autem
606 4246 662 4301 etc.
679 4245 834 4321 quatenus
856 4236 882 4300 si
898 4244 945 4300 est
967 4236 1010 4299 ita
1026 4236 1167 4301 iniuncta
1183 4237 1212 4300 ei
1232 4245 1292 4301 etc.

92 4341 176 4405 utin
192 4339 304 4407 forma.

490 4485 492 4488 ⁴
552 4464 600 4510 nn
623 4464 756 4511 nonan.
781 4444 839 4532 (3).

135 4619 294 4708 Episcopo
305 4660 445 4689 —.
483 4622 592 4687 Habet
602 4623 732 4688 assertio
743 4621 898 4707 Raynerii
914 4621 1082 4687 sacerdotis
1097 4621 1292 4708 presentium

92 4726 254 4812 portitoris
278 4725 363 4812 quod
388 4725 472 4791 idem
497 4726 537 4791 ad
567 4727 757 4792 sacerdotale
780 4735 944 4813 promotus
969 4725 1108 4791 officium
1132 4726 1295 4812 quandam
