<?xml version="1.0" encoding="UTF-8"?>
<!DOCTYPE html PUBLIC "-//W3C//DTD XHTML 1.0 Transitional//EN"
    "http://www.w3.org/TR/xhtml1/DTD/xhtml1-transitional.dtd">
<html xmlns="http://www.w3.org/1999/xhtml" xml:lang="en" lang="en">
 <head>
  <title>
</title>
<meta http-equiv="Content-Type" content="text/html;charset=utf-8" />
  <meta name='ocr-system' content='tesseract 3.04.00' />
  <meta name='ocr-capabilities' content='ocr_page ocr_carea ocr_par ocr_line ocrx_word'/>
</head>
<body>
  <div class='ocr_page' id='page_1' title='image "aformularypapal00leagoog_0064.png"; bbox 0 0 3098 5476; ppageno 0'>
   <div class='ocr_carea' id='block_1_1' title="bbox 368 521 1372 592">
    <p class='ocr_par' dir='ltr' id='par_1_1' title="bbox 368 521 1372 592">
     <span class='ocr_line' id='line_1_1' title="bbox 368 521 1372 592; baseline -0.001 -7"><span class='ocrx_word' id='word_1_1' title='bbox 368 538 464 586; x_wconf 88' lang='lat' dir='ltr'>VIII.</span> <span class='ocrx_word' id='word_1_2' title='bbox 489 538 539 583; x_wconf 82' lang='lat' dir='ltr'><strong>Du</strong></span> <span class='ocrx_word' id='word_1_3' title='bbox 569 536 617 584; x_wconf 80' lang='grc' dir='ltr'><strong>ΕΟ</strong></span> <span class='ocrx_word' id='word_1_4' title='bbox 646 536 718 592; x_wconf 91' lang='lat' dir='ltr'><strong>QUI</strong></span> <span class='ocrx_word' id='word_1_5' title='bbox 747 537 915 585; x_wconf 81' lang='lat' dir='ltr'><strong>PAOTUM</strong></span> <span class='ocrx_word' id='word_1_6' title='bbox 937 537 1057 585; x_wconf 78' lang='lat' dir='ltr'>FECIT</span> <span class='ocrx_word' id='word_1_7' title='bbox 1086 538 1174 587; x_wconf 78' lang='lat' dir='ltr'><strong>ETO.</strong></span> <span class='ocrx_word' id='word_1_8' title='bbox 1332 521 1372 584; x_wconf 82' lang='lat'><strong>15</strong></span> 
     </span>
    </p>
   </div>
   <div class='ocr_carea' id='block_1_2' title="bbox 282 815 1271 1117">
    <p class='ocr_par' dir='ltr' id='par_1_2' title="bbox 282 815 1271 1117">
     <span class='ocr_line' id='line_1_2' title="bbox 722 815 827 881; baseline 0.019 -2"><span class='ocrx_word' id='word_1_9' title='bbox 722 815 827 881; x_wconf 84' lang='lat' dir='ltr'>VIII.</span> 
     </span>
     <span class='ocr_line' id='line_1_3' title="bbox 282 1042 1271 1117; baseline 0.002 -11"><span class='ocrx_word' id='word_1_10' title='bbox 282 1043 339 1106; x_wconf 85' lang='lat' dir='ltr'><strong>Dn</strong></span> <span class='ocrx_word' id='word_1_11' title='bbox 363 1060 408 1106; x_wconf 83' lang='lat' dir='ltr'><strong>no</strong></span> <span class='ocrx_word' id='word_1_12' title='bbox 431 1061 494 1117; x_wconf 78' lang='lat' dir='ltr'><strong>our</strong></span> <span class='ocrx_word' id='word_1_13' title='bbox 517 1043 667 1107; x_wconf 66' lang='lat' dir='ltr'><strong>Piorum</strong></span> <span class='ocrx_word' id='word_1_14' title='bbox 690 1042 801 1107; x_wconf 82' lang='lat' dir='ltr'><strong>Fncrn</strong></span> <span class='ocrx_word' id='word_1_15' title='bbox 823 1061 896 1106; x_wconf 80' lang='lat' dir='ltr'><strong>curu</strong></span> <span class='ocrx_word' id='word_1_16' title='bbox 920 1042 1166 1107; x_wconf 46' lang='lat' dir='ltr'><strong>Errncroamus</strong></span> <span class='ocrx_word' id='word_1_17' title='bbox 1188 1061 1271 1109; x_wconf 85' lang='lat' dir='ltr'><strong>surs.</strong></span> 
     </span>
    </p>
   </div>
   <div class='ocr_carea' id='block_1_3' title="bbox 168 1266 1375 2814">
    <p class='ocr_par' dir='ltr' id='par_1_3' title="bbox 168 1266 1375 2814">
     <span class='ocr_line' id='line_1_4' title="bbox 216 1266 1375 1354; baseline -0.001 -22"><span class='ocrx_word' id='word_1_18' title='bbox 216 1268 339 1333; x_wconf 85' lang='lat' dir='ltr'>Abbati</span> <span class='ocrx_word' id='word_1_19' title='bbox 363 1268 544 1333; x_wconf 89' lang='lat' dir='ltr'><strong>monasterii</strong></span> <span class='ocrx_word' id='word_1_20' title='bbox 567 1266 749 1333; x_wconf 83' lang='lat' dir='ltr'><strong>Columbn.¹</strong></span> <span class='ocrx_word' id='word_1_21' title='bbox 794 1268 848 1331; x_wconf 86' lang='lat' dir='ltr'><strong>Ex</strong></span> <span class='ocrx_word' id='word_1_22' title='bbox 871 1277 960 1354; x_wconf 87' lang='lat' dir='ltr'><strong>parte</strong></span> <span class='ocrx_word' id='word_1_23' title='bbox 978 1278 1084 1333; x_wconf 88' lang='lat' dir='ltr'><strong>uestra</strong></span> <span class='ocrx_word' id='word_1_24' title='bbox 1100 1267 1162 1332; x_wconf 82' lang='lat' dir='ltr'><strong>fuit</strong></span> <span class='ocrx_word' id='word_1_25' title='bbox 1176 1270 1375 1354; x_wconf 90' lang='lat' dir='ltr'><strong>propositum</strong></span> 
     </span>
     <span class='ocr_line' id='line_1_5' title="bbox 168 1371 1375 1459; baseline 0 -22"><span class='ocrx_word' id='word_1_26' title='bbox 168 1395 277 1437; x_wconf 86' lang='lat' dir='ltr'><strong>coram</strong></span> <span class='ocrx_word' id='word_1_27' title='bbox 293 1373 385 1437; x_wconf 87' lang='lat' dir='ltr'><strong>nobis</strong></span> <span class='ocrx_word' id='word_1_28' title='bbox 408 1371 494 1459; x_wconf 92' lang='lat' dir='ltr'><strong>quod</strong></span> <span class='ocrx_word' id='word_1_29' title='bbox 517 1395 589 1437; x_wconf 89' lang='lat' dir='ltr'><strong>cum</strong></span> <span class='ocrx_word' id='word_1_30' title='bbox 605 1371 683 1437; x_wconf 93' lang='lat' dir='ltr'><strong>olim</strong></span> <span class='ocrx_word' id='word_1_31' title='bbox 698 1373 731 1436; x_wconf 95' lang='lat' dir='ltr'><strong>in</strong></span> <span class='ocrx_word' id='word_1_32' title='bbox 746 1373 934 1437; x_wconf 88' lang='lat' dir='ltr'><strong>monasterio</strong></span> <span class='ocrx_word' id='word_1_33' title='bbox 950 1382 1055 1437; x_wconf 89' lang='lat' dir='ltr'><strong>uestro</strong></span> <span class='ocrx_word' id='word_1_34' title='bbox 1071 1372 1249 1437; x_wconf 87' lang='lat' dir='ltr'><strong>immineret</strong></span> <span class='ocrx_word' id='word_1_35' title='bbox 1265 1371 1375 1437; x_wconf 85' lang='lat' dir='ltr'>electio</span> 
     </span>
     <span class='ocr_line' id='line_1_6' title="bbox 170 1476 1375 1563; baseline 0.002 -23"><span class='ocrx_word' id='word_1_36' title='bbox 170 1476 316 1541; x_wconf 86' lang='lat' dir='ltr'><strong>facienda</strong></span> <span class='ocrx_word' id='word_1_37' title='bbox 338 1477 387 1541; x_wconf 92' lang='lat' dir='ltr'><strong>M.</strong></span> <span class='ocrx_word' id='word_1_38' title='bbox 407 1477 578 1542; x_wconf 87' lang='lat' dir='ltr'><strong>monachus</strong></span> <span class='ocrx_word' id='word_1_39' title='bbox 601 1485 737 1541; x_wconf 87' lang='lat' dir='ltr'><strong>tractatu</strong></span> <span class='ocrx_word' id='word_1_40' title='bbox 760 1477 869 1542; x_wconf 87' lang='lat' dir='ltr'><strong>habito</strong></span> <span class='ocrx_word' id='word_1_41' title='bbox 891 1500 963 1540; x_wconf 89' lang='lat' dir='ltr'><strong>cum</strong></span> <span class='ocrx_word' id='word_1_42' title='bbox 983 1476 1174 1563; x_wconf 91' lang='lat' dir='ltr'><strong>quibusdam</strong></span> <span class='ocrx_word' id='word_1_43' title='bbox 1195 1486 1232 1541; x_wconf 94' lang='lat' dir='ltr'><strong>ut</strong></span> <span class='ocrx_word' id='word_1_44' title='bbox 1251 1500 1375 1562; x_wconf 89' lang='lat' dir='ltr'><strong>percos</strong></span> 
     </span>
     <span class='ocr_line' id='line_1_7' title="bbox 169 1581 1375 1667; baseline 0 -21"><span class='ocrx_word' id='word_1_45' title='bbox 169 1581 462 1647; x_wconf 82' lang='lat' dir='ltr'><strong>administratorem</strong></span> <span class='ocrx_word' id='word_1_46' title='bbox 484 1581 583 1666; x_wconf 92' lang='lat' dir='ltr'><strong>ipsius</strong></span> <span class='ocrx_word' id='word_1_47' title='bbox 606 1581 787 1646; x_wconf 89' lang='lat' dir='ltr'><strong>monasterii</strong></span> <span class='ocrx_word' id='word_1_48' title='bbox 803 1582 991 1666; x_wconf 88' lang='lat' dir='ltr'><strong>peruenerit,</strong></span> <span class='ocrx_word' id='word_1_49' title='bbox 1008 1581 1191 1646; x_wconf 86' lang='lat' dir='ltr'><strong>inhonestas</strong></span> <span class='ocrx_word' id='word_1_50' title='bbox 1214 1582 1375 1667; x_wconf 82' lang='lat' dir='ltr'><strong>pactiones</strong></span> 
     </span>
     <span class='ocr_line' id='line_1_8' title="bbox 169 1684 1373 1772; baseline 0.002 -24"><span class='ocrx_word' id='word_1_51' title='bbox 169 1686 270 1750; x_wconf 89' lang='lat' dir='ltr'><strong>iniuit</strong></span> <span class='ocrx_word' id='word_1_52' title='bbox 278 1709 350 1750; x_wconf 91' lang='lat' dir='ltr'><strong>cum</strong></span> <span class='ocrx_word' id='word_1_53' title='bbox 360 1685 485 1752; x_wconf 90' lang='lat' dir='ltr'><strong>eisdem.</strong></span> <span class='ocrx_word' id='word_1_54' title='bbox 521 1684 1004 1772; x_wconf 84' lang='lat' dir='ltr'><strong>Sanepredicto——suum</strong></span> <span class='ocrx_word' id='word_1_55' title='bbox 1014 1686 1213 1771; x_wconf 88' lang='lat' dir='ltr'><strong>propositum</strong></span> <span class='ocrx_word' id='word_1_56' title='bbox 1223 1695 1373 1770; x_wconf 89' lang='lat' dir='ltr'><strong>assecuto,</strong></span> 
     </span>
     <span class='ocr_line' id='line_1_9' title="bbox 169 1789 1375 1877; baseline 0.001 -24"><span class='ocrx_word' id='word_1_57' title='bbox 169 1789 355 1855; x_wconf 89' lang='lat' dir='ltr'><strong>diocesanus</strong></span> <span class='ocrx_word' id='word_1_58' title='bbox 379 1790 542 1876; x_wconf 89' lang='lat' dir='ltr'><strong>episcopus</strong></span> <span class='ocrx_word' id='word_1_59' title='bbox 565 1789 605 1854; x_wconf 92' lang='lat' dir='ltr'><strong>ad</strong></span> <span class='ocrx_word' id='word_1_60' title='bbox 627 1791 717 1854; x_wconf 91' lang='lat' dir='ltr'><strong>cuius</strong></span> <span class='ocrx_word' id='word_1_61' title='bbox 739 1790 887 1854; x_wconf 88' lang='lat' dir='ltr'><strong>notitiam</strong></span> <span class='ocrx_word' id='word_1_62' title='bbox 903 1789 988 1854; x_wconf 85' lang='lat' dir='ltr'><strong>fama</strong></span> <span class='ocrx_word' id='word_1_63' title='bbox 1004 1790 1173 1854; x_wconf 85' lang='lat' dir='ltr'><strong>nuntiante</strong></span> <span class='ocrx_word' id='word_1_64' title='bbox 1188 1801 1375 1877; x_wconf 90' lang='lat' dir='ltr'><strong>peruenerat</strong></span> 
     </span>
     <span class='ocr_line' id='line_1_10' title="bbox 168 1893 1374 1980; baseline 0.002 -23"><span class='ocrx_word' id='word_1_65' title='bbox 168 1894 257 1980; x_wconf 92' lang='lat' dir='ltr'><strong>qnod</strong></span> <span class='ocrx_word' id='word_1_66' title='bbox 282 1894 382 1980; x_wconf 90' lang='lat' dir='ltr'><strong>ipsius</strong></span> <span class='ocrx_word' id='word_1_67' title='bbox 406 1894 510 1958; x_wconf 85' lang='lat' dir='ltr'><strong>fuerat</strong></span> <span class='ocrx_word' id='word_1_68' title='bbox 533 1893 647 1958; x_wconf 89' lang='lat' dir='ltr'><strong>uitiosa</strong></span> <span class='ocrx_word' id='word_1_69' title='bbox 670 1894 838 1980; x_wconf 89' lang='lat' dir='ltr'><strong>promotio,</strong></span> <span class='ocrx_word' id='word_1_70' title='bbox 855 1894 1083 1959; x_wconf 87' lang='lat' dir='ltr'><strong>sententialiter</strong></span> <span class='ocrx_word' id='word_1_71' title='bbox 1106 1894 1147 1958; x_wconf 88' lang='lat' dir='ltr'><strong>ab</strong></span> <span class='ocrx_word' id='word_1_72' title='bbox 1171 1893 1374 1959; x_wconf 88' lang='lat' dir='ltr'><strong>administra-</strong></span> 
     </span>
     <span class='ocr_line' id='line_1_11' title="bbox 169 1997 1375 2085; baseline 0 -23"><span class='ocrx_word' id='word_1_73' title='bbox 169 1998 269 2064; x_wconf 89' lang='lat' dir='ltr'><strong>tionis</strong></span> <span class='ocrx_word' id='word_1_74' title='bbox 285 1997 387 2063; x_wconf 94' lang='lat' dir='ltr'><strong>0fficio</strong></span> <span class='ocrx_word' id='word_1_75' title='bbox 402 1999 523 2062; x_wconf 89' lang='lat' dir='ltr'><strong>amouit</strong></span> <span class='ocrx_word' id='word_1_76' title='bbox 538 1998 683 2063; x_wconf 87' lang='lat' dir='ltr'><strong>eundem.</strong></span> <span class='ocrx_word' id='word_1_77' title='bbox 731 1999 858 2065; x_wconf 91' lang='lat' dir='ltr'><strong>Verum</strong></span> <span class='ocrx_word' id='word_1_78' title='bbox 874 2021 945 2062; x_wconf 92' lang='lat' dir='ltr'><strong>cum</strong></span> <span class='ocrx_word' id='word_1_79' title='bbox 963 2021 1003 2063; x_wconf 87' lang='lat' dir='ltr'><strong>ex</strong></span> <span class='ocrx_word' id='word_1_80' title='bbox 1022 1998 1204 2063; x_wconf 92' lang='lat' dir='ltr'><strong>huiusmodi</strong></span> <span class='ocrx_word' id='word_1_81' title='bbox 1220 1999 1375 2085; x_wconf 88' lang='lat' dir='ltr'><strong>pactioni-</strong></span> 
     </span>
     <span class='ocr_line' id='line_1_12' title="bbox 170 2101 1373 2188; baseline 0.002 -22"><span class='ocrx_word' id='word_1_82' title='bbox 170 2104 233 2167; x_wconf 90' lang='lat' dir='ltr'><strong>bus</strong></span> <span class='ocrx_word' id='word_1_83' title='bbox 256 2101 340 2167; x_wconf 89' lang='lat' dir='ltr'><strong>idem</strong></span> <span class='ocrx_word' id='word_1_84' title='bbox 357 2101 405 2167; x_wconf 92' lang='lat' dir='ltr'><strong>M.</strong></span> <span class='ocrx_word' id='word_1_85' title='bbox 423 2103 551 2188; x_wconf 89' lang='lat' dir='ltr'><strong>eiusque</strong></span> <span class='ocrx_word' id='word_1_86' title='bbox 567 2102 712 2167; x_wconf 84' lang='lat' dir='ltr'><strong>electores</strong></span> <span class='ocrx_word' id='word_1_87' title='bbox 735 2102 836 2166; x_wconf 89' lang='lat' dir='ltr'><strong>labem</strong></span> <span class='ocrx_word' id='word_1_88' title='bbox 854 2102 1047 2166; x_wconf 82' lang='lat' dir='ltr'><strong>incurrerint</strong></span> <span class='ocrx_word' id='word_1_89' title='bbox 1061 2103 1215 2188; x_wconf 74' lang='lat' dir='ltr'><strong>symonis,</strong></span> <span class='ocrx_word' id='word_1_90' title='bbox 1231 2125 1268 2167; x_wconf 86' lang='lat' dir='ltr'><strong>ac</strong></span> <span class='ocrx_word' id='word_1_91' title='bbox 1283 2104 1373 2188; x_wconf 86' lang='lat' dir='ltr'><strong>igno-</strong></span> 
     </span>
     <span class='ocr_line' id='line_1_13' title="bbox 170 2206 1373 2292; baseline 0.002 -22"><span class='ocrx_word' id='word_1_92' title='bbox 170 2207 277 2271; x_wconf 88' lang='lat' dir='ltr'><strong>rantia</strong></span> <span class='ocrx_word' id='word_1_93' title='bbox 298 2207 382 2291; x_wconf 89' lang='lat' dir='ltr'><strong>juris</strong></span> <span class='ocrx_word' id='word_1_94' title='bbox 409 2229 473 2271; x_wconf 93' lang='lat' dir='ltr'><strong>non</strong></span> <span class='ocrx_word' id='word_1_95' title='bbox 500 2215 636 2292; x_wconf 83' lang='lat' dir='ltr'><strong>purgato</strong></span> <span class='ocrx_word' id='word_1_96' title='bbox 659 2207 738 2271; x_wconf 92' lang='lat' dir='ltr'><strong>uitio</strong></span> <span class='ocrx_word' id='word_1_97' title='bbox 761 2207 793 2269; x_wconf 94' lang='lat' dir='ltr'><strong>in</strong></span> <span class='ocrx_word' id='word_1_98' title='bbox 822 2207 888 2270; x_wconf 92' lang='lat' dir='ltr'><strong>suis</strong></span> <span class='ocrx_word' id='word_1_99' title='bbox 915 2206 1082 2271; x_wconf 90' lang='lat' dir='ltr'><strong>ordinibus</strong></span> <span class='ocrx_word' id='word_1_100' title='bbox 1109 2207 1373 2292; x_wconf 89' lang='lat' dir='ltr'><strong>ministrauerint,</strong></span> 
     </span>
     <span class='ocr_line' id='line_1_14' title="bbox 170 2308 1373 2397; baseline 0 -21"><span class='ocrx_word' id='word_1_101' title='bbox 170 2310 355 2397; x_wconf 86' lang='lat' dir='ltr'><strong>postulastis</strong></span> <span class='ocrx_word' id='word_1_102' title='bbox 378 2333 487 2376; x_wconf 89' lang='lat' dir='ltr'><strong>eorum</strong></span> <span class='ocrx_word' id='word_1_103' title='bbox 503 2309 597 2375; x_wconf 89' lang='lat' dir='ltr'><strong>saluti</strong></span> <span class='ocrx_word' id='word_1_104' title='bbox 619 2308 657 2374; x_wconf 91' lang='lat' dir='ltr'><strong>de</strong></span> <span class='ocrx_word' id='word_1_105' title='bbox 679 2309 881 2395; x_wconf 88' lang='lat' dir='ltr'><strong>prouidentia</strong></span> <span class='ocrx_word' id='word_1_106' title='bbox 903 2310 985 2375; x_wconf 91' lang='lat' dir='ltr'><strong>sedis</strong></span> <span class='ocrx_word' id='word_1_107' title='bbox 1007 2310 1177 2397; x_wconf 89' lang='lat' dir='ltr'><strong>apostolice</strong></span> <span class='ocrx_word' id='word_1_108' title='bbox 1200 2311 1373 2376; x_wconf 89' lang='lat' dir='ltr'><strong>subueniri.</strong></span> 
     </span>
     <span class='ocr_line' id='line_1_15' title="bbox 170 2413 1373 2501; baseline 0.002 -23"><span class='ocrx_word' id='word_1_109' title='bbox 170 2415 244 2480; x_wconf 87' lang='lat' dir='ltr'><strong>Nos</strong></span> <span class='ocrx_word' id='word_1_110' title='bbox 266 2424 370 2479; x_wconf 85' lang='lat' dir='ltr'><strong>autern</strong></span> <span class='ocrx_word' id='word_1_111' title='bbox 394 2424 450 2480; x_wconf 87' lang='lat' dir='ltr'><strong>etc.</strong></span> <span class='ocrx_word' id='word_1_112' title='bbox 468 2424 623 2500; x_wconf 92' lang='lat' dir='ltr'><strong>quatenus</strong></span> <span class='ocrx_word' id='word_1_113' title='bbox 646 2413 777 2499; x_wconf 85' lang='lat' dir='ltr'><strong>prefatis</strong></span> <span class='ocrx_word' id='word_1_114' title='bbox 798 2413 847 2479; x_wconf 88' lang='lat' dir='ltr'><strong>M.</strong></span> <span class='ocrx_word' id='word_1_115' title='bbox 864 2425 895 2479; x_wconf 93' lang='lat' dir='ltr'><strong>et</strong></span> <span class='ocrx_word' id='word_1_116' title='bbox 910 2414 1097 2479; x_wconf 88' lang='lat' dir='ltr'><strong>electoribus</strong></span> <span class='ocrx_word' id='word_1_117' title='bbox 1119 2415 1185 2479; x_wconf 91' lang='lat' dir='ltr'><strong>suis</strong></span> <span class='ocrx_word' id='word_1_118' title='bbox 1207 2438 1266 2500; x_wconf 93' lang='lat' dir='ltr'><strong>pro</strong></span> <span class='ocrx_word' id='word_1_119' title='bbox 1282 2416 1373 2501; x_wconf 90' lang='lat' dir='ltr'><strong>culpe</strong></span> 
     </span>
     <span class='ocr_line' id='line_1_16' title="bbox 171 2518 1373 2605; baseline 0.002 -23"><span class='ocrx_word' id='word_1_120' title='bbox 171 2519 268 2584; x_wconf 90' lang='lat' dir='ltr'><strong>modo</strong></span> <span class='ocrx_word' id='word_1_121' title='bbox 291 2518 433 2583; x_wconf 88' lang='lat' dir='ltr'><strong>iniuncta</strong></span> <span class='ocrx_word' id='word_1_122' title='bbox 448 2518 621 2605; x_wconf 89' lang='lat' dir='ltr'><strong>penitentia</strong></span> <span class='ocrx_word' id='word_1_123' title='bbox 636 2527 830 2604; x_wconf 88' lang='lat' dir='ltr'><strong>competente</strong></span> <span class='ocrx_word' id='word_1_124' title='bbox 853 2519 959 2604; x_wconf 89' lang='lat' dir='ltr'><strong>eisque</strong></span> <span class='ocrx_word' id='word_1_125' title='bbox 973 2519 1014 2583; x_wconf 88' lang='lat' dir='ltr'><strong>ad</strong></span> <span class='ocrx_word' id='word_1_126' title='bbox 1037 2527 1163 2604; x_wconf 89' lang='lat' dir='ltr'><strong>tempus</strong></span> <span class='ocrx_word' id='word_1_127' title='bbox 1182 2528 1237 2584; x_wconf 90' lang='lat' dir='ltr'><strong>etc.</strong></span> <span class='ocrx_word' id='word_1_128' title='bbox 1254 2519 1373 2604; x_wconf 92' lang='lat' dir='ltr'><strong>quoad</strong></span> 
     </span>
     <span class='ocr_line' id='line_1_17' title="bbox 169 2623 1373 2709; baseline 0 -21"><span class='ocrx_word' id='word_1_129' title='bbox 169 2623 320 2688; x_wconf 90' lang='lat' dir='ltr'><strong>ordinum</strong></span> <span class='ocrx_word' id='word_1_130' title='bbox 345 2624 557 2688; x_wconf 88' lang='lat' dir='ltr'><strong>executionem</strong></span> <span class='ocrx_word' id='word_1_131' title='bbox 581 2631 654 2686; x_wconf 90' lang='lat' dir='ltr'><strong>ante</strong></span> <span class='ocrx_word' id='word_1_132' title='bbox 680 2623 863 2708; x_wconf 91' lang='lat' dir='ltr'><strong>hujusmodi</strong></span> <span class='ocrx_word' id='word_1_133' title='bbox 888 2624 1119 2707; x_wconf 90' lang='lat' dir='ltr'><strong>promotionem</strong></span> <span class='ocrx_word' id='word_1_134' title='bbox 1140 2624 1310 2709; x_wconf 87' lang='lat' dir='ltr'><strong>suspensis,</strong></span> <span class='ocrx_word' id='word_1_135' title='bbox 1334 2623 1373 2689; x_wconf 89' lang='lat' dir='ltr'><strong>de</strong></span> 
     </span>
     <span class='ocr_line' id='line_1_18' title="bbox 170 2727 544 2814; baseline -0.005 -22"><span class='ocrx_word' id='word_1_136' title='bbox 170 2738 229 2792; x_wconf 90' lang='lat' dir='ltr'><strong>etc.</strong></span> <span class='ocrx_word' id='word_1_137' title='bbox 245 2751 345 2814; x_wconf 91' lang='lat' dir='ltr'><strong>usque</strong></span> <span class='ocrx_word' id='word_1_138' title='bbox 360 2727 544 2792; x_wconf 84' lang='lat' dir='ltr'><strong>admittatis.</strong></span> 
     </span>
    </p>
   </div>
   <div class='ocr_carea' id='block_1_4' title="bbox 632 2915 915 3002">
    <p class='ocr_par' dir='ltr' id='par_1_4' title="bbox 632 2915 915 3002">
     <span class='ocr_line' id='line_1_19' title="bbox 632 2915 915 3002; baseline 0.011 -24"><span class='ocrx_word' id='word_1_139' title='bbox 632 2935 834 2980; x_wconf 75' lang='lat' dir='ltr'><strong>annonam.</strong></span> <span class='ocrx_word' id='word_1_140' title='bbox 859 2915 915 3002; x_wconf 82' lang='grc'>(2).</span> 
     </span>
    </p>
   </div>
   <div class='ocr_carea' id='block_1_5' title="bbox 167 3123 1373 4566">
    <p class='ocr_par' dir='ltr' id='par_1_5' title="bbox 167 3123 1373 4566">
     <span class='ocr_line' id='line_1_20' title="bbox 217 3123 1372 3212; baseline 0.003 -24"><span class='ocrx_word' id='word_1_141' title='bbox 217 3124 376 3212; x_wconf 88' lang='lat' dir='ltr'><strong>Episcopo</strong></span> <span class='ocrx_word' id='word_1_142' title='bbox 403 3124 584 3189; x_wconf 84' lang='lat' dir='ltr'><strong>Ferentino.</strong></span> <span class='ocrx_word' id='word_1_143' title='bbox 631 3124 683 3189; x_wconf 85' lang='lat' dir='ltr'><strong>Jo.</strong></span> <span class='ocrx_word' id='word_1_144' title='bbox 711 3123 814 3188; x_wconf 89' lang='lat' dir='ltr'><strong>clerici</strong></span> <span class='ocrx_word' id='word_1_145' title='bbox 845 3124 978 3189; x_wconf 63' lang='lat' dir='ltr'><strong>ecclesie,</strong></span> <span class='ocrx_word' id='word_1_146' title='bbox 995 3124 1035 3189; x_wconf 90' lang='lat' dir='ltr'><strong>de</strong></span> <span class='ocrx_word' id='word_1_147' title='bbox 1062 3126 1235 3192; x_wconf 84' lang='lat' dir='ltr'><strong>Ferentino</strong></span> <span class='ocrx_word' id='word_1_148' title='bbox 1262 3127 1372 3192; x_wconf 86' lang='lat' dir='ltr'><strong>latoris</strong></span> 
     </span>
     <span class='ocr_line' id='line_1_21' title="bbox 170 3228 1372 3316; baseline 0.002 -23"><span class='ocrx_word' id='word_1_149' title='bbox 170 3230 363 3316; x_wconf 86' lang='lat' dir='ltr'><strong>presentium</strong></span> <span class='ocrx_word' id='word_1_150' title='bbox 374 3229 485 3315; x_wconf 89' lang='lat' dir='ltr'><strong>petitio</strong></span> <span class='ocrx_word' id='word_1_151' title='bbox 496 3229 677 3293; x_wconf 89' lang='lat' dir='ltr'><strong>continebat</strong></span> <span class='ocrx_word' id='word_1_152' title='bbox 689 3228 774 3314; x_wconf 93' lang='lat' dir='ltr'><strong>quod</strong></span> <span class='ocrx_word' id='word_1_153' title='bbox 789 3252 862 3292; x_wconf 89' lang='lat' dir='ltr'><strong>cum</strong></span> <span class='ocrx_word' id='word_1_154' title='bbox 875 3229 952 3293; x_wconf 91' lang='lat' dir='ltr'><strong>olim</strong></span> <span class='ocrx_word' id='word_1_155' title='bbox 968 3228 1096 3294; x_wconf 86' lang='lat' dir='ltr'><strong>ecclesia</strong></span> <span class='ocrx_word' id='word_1_156' title='bbox 1111 3241 1229 3295; x_wconf 89' lang='lat' dir='ltr'><strong>rectore</strong></span> <span class='ocrx_word' id='word_1_157' title='bbox 1241 3240 1372 3296; x_wconf 90' lang='lat' dir='ltr'><strong>uacante</strong></span> 
     </span>
     <span class='ocr_line' id='line_1_22' title="bbox 169 3331 1373 3420; baseline 0.002 -22"><span class='ocrx_word' id='word_1_158' title='bbox 169 3333 303 3420; x_wconf 91' lang='lat' dir='ltr'><strong>quidam</strong></span> <span class='ocrx_word' id='word_1_159' title='bbox 312 3331 453 3398; x_wconf 89' lang='lat' dir='ltr'><strong>eiusdem</strong></span> <span class='ocrx_word' id='word_1_160' title='bbox 463 3333 588 3397; x_wconf 88' lang='lat' dir='ltr'><strong>ecclesie</strong></span> <span class='ocrx_word' id='word_1_161' title='bbox 599 3332 729 3397; x_wconf 91' lang='lat' dir='ltr'><strong>clericus</strong></span> <span class='ocrx_word' id='word_1_162' title='bbox 747 3333 917 3398; x_wconf 88' lang='lat' dir='ltr'><strong>monuisset</strong></span> <span class='ocrx_word' id='word_1_163' title='bbox 929 3332 1063 3398; x_wconf 89' lang='lat' dir='ltr'><strong>eundem</strong></span> <span class='ocrx_word' id='word_1_164' title='bbox 1077 3343 1112 3398; x_wconf 92' lang='lat' dir='ltr'><strong>ut</strong></span> <span class='ocrx_word' id='word_1_165' title='bbox 1124 3335 1229 3420; x_wconf 90' lang='lat' dir='ltr'><strong>ipsum</strong></span> <span class='ocrx_word' id='word_1_166' title='bbox 1244 3335 1373 3420; x_wconf 86' lang='lat' dir='ltr'><strong>eligeret</strong></span> 
     </span>
     <span class='ocr_line' id='line_1_23' title="bbox 170 3437 1371 3523; baseline 0.002 -22"><span class='ocrx_word' id='word_1_167' title='bbox 170 3438 204 3502; x_wconf 92' lang='lat' dir='ltr'><strong>in</strong></span> <span class='ocrx_word' id='word_1_168' title='bbox 228 3447 389 3521; x_wconf 87' lang='lat' dir='ltr'><strong>rectorem,</strong></span> <span class='ocrx_word' id='word_1_169' title='bbox 412 3438 599 3523; x_wconf 90' lang='lat' dir='ltr'><strong>promittens</strong></span> <span class='ocrx_word' id='word_1_170' title='bbox 623 3437 652 3501; x_wconf 92' lang='lat' dir='ltr'><strong>ei</strong></span> <span class='ocrx_word' id='word_1_171' title='bbox 675 3437 736 3500; x_wconf 92' lang='lat' dir='ltr'><strong>fide</strong></span> <span class='ocrx_word' id='word_1_172' title='bbox 759 3438 945 3522; x_wconf 85' lang='lat' dir='ltr'><strong>interposita</strong></span> <span class='ocrx_word' id='word_1_173' title='bbox 967 3437 1109 3503; x_wconf 86' lang='lat' dir='ltr'><strong>conferre</strong></span> <span class='ocrx_word' id='word_1_174' title='bbox 1131 3439 1252 3503; x_wconf 92' lang='lat' dir='ltr'><strong>bonum</strong></span> <span class='ocrx_word' id='word_1_175' title='bbox 1277 3440 1371 3504; x_wconf 90' lang='lat' dir='ltr'><strong>bene-</strong></span> 
     </span>
     <span class='ocr_line' id='line_1_24' title="bbox 169 3540 1370 3628; baseline 0.001 -22"><span class='ocrx_word' id='word_1_176' title='bbox 169 3543 277 3607; x_wconf 87' lang='lat' dir='ltr'><strong>ficium</strong></span> <span class='ocrx_word' id='word_1_177' title='bbox 301 3543 332 3605; x_wconf 94' lang='lat' dir='ltr'><strong>in</strong></span> <span class='ocrx_word' id='word_1_178' title='bbox 357 3542 484 3606; x_wconf 88' lang='lat' dir='ltr'><strong>ecclesia</strong></span> <span class='ocrx_word' id='word_1_179' title='bbox 506 3550 688 3621; x_wconf 86' lang='lat' dir='ltr'><strong>memorata,</strong></span> <span class='ocrx_word' id='word_1_180' title='bbox 705 3552 735 3605; x_wconf 95' lang='lat' dir='ltr'><strong>et</strong></span> <span class='ocrx_word' id='word_1_181' title='bbox 751 3540 834 3605; x_wconf 90' lang='lat' dir='ltr'><strong>idem</strong></span> <span class='ocrx_word' id='word_1_182' title='bbox 858 3564 931 3605; x_wconf 92' lang='lat' dir='ltr'><strong>cum</strong></span> <span class='ocrx_word' id='word_1_183' title='bbox 954 3542 1024 3606; x_wconf 90' lang='lat' dir='ltr'><strong>aliis</strong></span> <span class='ocrx_word' id='word_1_184' title='bbox 1048 3543 1152 3628; x_wconf 90' lang='lat' dir='ltr'><strong>ipsum</strong></span> <span class='ocrx_word' id='word_1_185' title='bbox 1168 3543 1201 3606; x_wconf 94' lang='lat' dir='ltr'><strong>in</strong></span> <span class='ocrx_word' id='word_1_186' title='bbox 1217 3553 1370 3609; x_wconf 87' lang='lat' dir='ltr'><strong>rectorem</strong></span> 
     </span>
     <span class='ocr_line' id='line_1_25' title="bbox 170 3644 1370 3733; baseline 0.001 -21"><span class='ocrx_word' id='word_1_187' title='bbox 170 3646 375 3732; x_wconf 90' lang='lat' dir='ltr'><strong>postmodum</strong></span> <span class='ocrx_word' id='word_1_188' title='bbox 399 3645 560 3731; x_wconf 78' lang='lat' dir='ltr'><strong>eligissent</strong></span> <span class='ocrx_word' id='word_1_189' title='bbox 584 3644 598 3733; x_wconf 91' lang='lat'>[</span> <span class='ocrx_word' id='word_1_190' title='bbox 621 3644 657 3732; x_wconf 93' lang='lat'>]</span> <span class='ocrx_word' id='word_1_191' title='bbox 687 3655 861 3710; x_wconf 88' lang='lat' dir='ltr'><strong>antecessor</strong></span> <span class='ocrx_word' id='word_1_192' title='bbox 887 3656 992 3711; x_wconf 87' lang='lat' dir='ltr'><strong>uester</strong></span> <span class='ocrx_word' id='word_1_193' title='bbox 1016 3647 1234 3732; x_wconf 88' lang='lat' dir='ltr'><strong>promissionis</strong></span> <span class='ocrx_word' id='word_1_194' title='bbox 1260 3648 1370 3714; x_wconf 91' lang='lat' dir='ltr'><strong>huius-</strong></span> 
     </span>
     <span class='ocr_line' id='line_1_26' title="bbox 170 3749 1369 3839; baseline 0.004 -25"><span class='ocrx_word' id='word_1_195' title='bbox 170 3751 258 3817; x_wconf 93' lang='lat' dir='ltr'><strong>modi</strong></span> <span class='ocrx_word' id='word_1_196' title='bbox 295 3750 408 3816; x_wconf 88' lang='lat' dir='ltr'><strong>notitia</strong></span> <span class='ocrx_word' id='word_1_197' title='bbox 436 3750 631 3836; x_wconf 88' lang='lat' dir='ltr'><strong>apprehensa</strong></span> <span class='ocrx_word' id='word_1_198' title='bbox 662 3749 796 3814; x_wconf 89' lang='lat' dir='ltr'><strong>eundem</strong></span> <span class='ocrx_word' id='word_1_199' title='bbox 827 3750 930 3814; x_wconf 91' lang='lat' dir='ltr'><strong>officio</strong></span> <span class='ocrx_word' id='word_1_200' title='bbox 964 3751 1178 3838; x_wconf 89' lang='lat' dir='ltr'><strong>beneficioque</strong></span> <span class='ocrx_word' id='word_1_201' title='bbox 1215 3753 1369 3839; x_wconf 90' lang='lat' dir='ltr'><strong>priuauit.</strong></span> 
     </span>
     <span class='ocr_line' id='line_1_27' title="bbox 170 3853 1372 3943; baseline 0.001 -22"><span class='ocrx_word' id='word_1_202' title='bbox 170 3856 306 3943; x_wconf 84' lang='lat' dir='ltr'><strong>Cunque</strong></span> <span class='ocrx_word' id='word_1_203' title='bbox 342 3878 437 3941; x_wconf 90' lang='lat' dir='ltr'><strong>super</strong></span> <span class='ocrx_word' id='word_1_204' title='bbox 473 3854 532 3919; x_wconf 90' lang='lat' dir='ltr'><strong>hoc</strong></span> <span class='ocrx_word' id='word_1_205' title='bbox 568 3854 737 3940; x_wconf 87' lang='lat' dir='ltr'><strong>apostolice</strong></span> <span class='ocrx_word' id='word_1_206' title='bbox 775 3853 856 3918; x_wconf 86' lang='lat' dir='ltr'><strong>sedis</strong></span> <span class='ocrx_word' id='word_1_207' title='bbox 895 3855 1093 3941; x_wconf 90' lang='lat' dir='ltr'><strong>implorasset</strong></span> <span class='ocrx_word' id='word_1_208' title='bbox 1129 3856 1305 3921; x_wconf 90' lang='lat' dir='ltr'><strong>subsidium</strong></span> <span class='ocrx_word' id='word_1_209' title='bbox 1341 3869 1372 3922; x_wconf 89' lang='lat' dir='ltr'><strong>et</strong></span> 
     </span>
     <span class='ocr_line' id='line_1_28' title="bbox 169 3959 1369 4045; baseline -0.001 -19"><span class='ocrx_word' id='word_1_210' title='bbox 169 3960 358 4026; x_wconf 88' lang='lat' dir='ltr'><strong>obtinuisset</strong></span> <span class='ocrx_word' id='word_1_211' title='bbox 381 3959 501 4023; x_wconf 89' lang='lat' dir='ltr'><strong>litteras</strong></span> <span class='ocrx_word' id='word_1_212' title='bbox 527 3967 564 4022; x_wconf 93' lang='lat' dir='ltr'><strong>ut</strong></span> <span class='ocrx_word' id='word_1_213' title='bbox 585 3959 667 4022; x_wconf 89' lang='lat' dir='ltr'><strong>circa</strong></span> <span class='ocrx_word' id='word_1_214' title='bbox 689 3959 842 4045; x_wconf 87' lang='lat' dir='ltr'><strong>premissa</strong></span> <span class='ocrx_word' id='word_1_215' title='bbox 863 3969 1009 4044; x_wconf 85' lang='lat' dir='ltr'><strong>ageretur</strong></span> <span class='ocrx_word' id='word_1_216' title='bbox 1033 3960 1275 4026; x_wconf 88' lang='lat' dir='ltr'><strong>misericorditer</strong></span> <span class='ocrx_word' id='word_1_217' title='bbox 1297 3984 1369 4025; x_wconf 92' lang='lat' dir='ltr'><strong>cum</strong></span> 
     </span>
     <span class='ocr_line' id='line_1_29' title="bbox 167 4062 1366 4149; baseline 0 -19"><span class='ocrx_word' id='word_1_218' title='bbox 167 4063 291 4147; x_wconf 83' lang='lat' dir='ltr'><strong>eodem,</strong></span> <span class='ocrx_word' id='word_1_219' title='bbox 308 4087 346 4128; x_wconf 83' lang='lat' dir='ltr'><strong>ex</strong></span> <span class='ocrx_word' id='word_1_220' title='bbox 370 4064 470 4149; x_wconf 90' lang='lat' dir='ltr'><strong>ipsius</strong></span> <span class='ocrx_word' id='word_1_221' title='bbox 492 4063 695 4128; x_wconf 87' lang='lat' dir='ltr'><strong>antecessoris</strong></span> <span class='ocrx_word' id='word_1_222' title='bbox 718 4062 809 4128; x_wconf 89' lang='lat' dir='ltr'><strong>obitu</strong></span> <span class='ocrx_word' id='word_1_223' title='bbox 833 4062 939 4127; x_wconf 82' lang='lat' dir='ltr'><strong>fuitei</strong></span> <span class='ocrx_word' id='word_1_224' title='bbox 964 4062 1179 4129; x_wconf 89' lang='lat' dir='ltr'><strong>misericordia</strong></span> <span class='ocrx_word' id='word_1_225' title='bbox 1200 4065 1366 4131; x_wconf 85' lang='lat' dir='ltr'><strong>retardata.</strong></span> 
     </span>
     <span class='ocr_line' id='line_1_30' title="bbox 170 4167 1370 4254; baseline 0.001 -21"><span class='ocrx_word' id='word_1_226' title='bbox 170 4169 273 4254; x_wconf 88' lang='lat' dir='ltr'><strong>Super</strong></span> <span class='ocrx_word' id='word_1_227' title='bbox 286 4192 350 4254; x_wconf 91' lang='lat' dir='ltr'><strong>quo</strong></span> <span class='ocrx_word' id='word_1_228' title='bbox 372 4168 431 4232; x_wconf 85' lang='lat' dir='ltr'><strong>sibi</strong></span> <span class='ocrx_word' id='word_1_229' title='bbox 455 4167 546 4254; x_wconf 91' lang='lat' dir='ltr'><strong>petiit</strong></span> <span class='ocrx_word' id='word_1_230' title='bbox 560 4167 600 4231; x_wconf 89' lang='lat' dir='ltr'><strong>de</strong></span> <span class='ocrx_word' id='word_1_231' title='bbox 615 4168 816 4252; x_wconf 87' lang='lat' dir='ltr'><strong>prouidentia</strong></span> <span class='ocrx_word' id='word_1_232' title='bbox 832 4177 888 4232; x_wconf 90' lang='lat' dir='ltr'><strong>etc.</strong></span> <span class='ocrx_word' id='word_1_233' title='bbox 936 4168 1005 4233; x_wconf 91' lang='lat' dir='ltr'><strong>Nos</strong></span> <span class='ocrx_word' id='word_1_234' title='bbox 1020 4177 1126 4233; x_wconf 86' lang='lat' dir='ltr'><strong>autem</strong></span> <span class='ocrx_word' id='word_1_235' title='bbox 1141 4171 1370 4234; x_wconf 89' lang='lat' dir='ltr'><strong>committimus</strong></span> 
     </span>
     <span class='ocr_line' id='line_1_31' title="bbox 169 4270 1368 4360; baseline 0 -24"><span class='ocrx_word' id='word_1_236' title='bbox 169 4283 325 4360; x_wconf 89' lang='lat' dir='ltr'><strong>quatenus</strong></span> <span class='ocrx_word' id='word_1_237' title='bbox 340 4273 481 4336; x_wconf 91' lang='lat' dir='ltr'><strong>iniuncta</strong></span> <span class='ocrx_word' id='word_1_238' title='bbox 497 4272 525 4336; x_wconf 91' lang='lat' dir='ltr'><strong>ei</strong></span> <span class='ocrx_word' id='word_1_239' title='bbox 541 4295 599 4357; x_wconf 91' lang='lat' dir='ltr'><strong>pro</strong></span> <span class='ocrx_word' id='word_1_240' title='bbox 616 4270 708 4336; x_wconf 92' lang='lat' dir='ltr'><strong>modo</strong></span> <span class='ocrx_word' id='word_1_241' title='bbox 723 4272 816 4357; x_wconf 89' lang='lat' dir='ltr'><strong>culpe</strong></span> <span class='ocrx_word' id='word_1_242' title='bbox 833 4273 1005 4357; x_wconf 86' lang='lat' dir='ltr'><strong>penitentia</strong></span> <span class='ocrx_word' id='word_1_243' title='bbox 1020 4282 1224 4358; x_wconf 90' lang='lat' dir='ltr'><strong>competente,</strong></span> <span class='ocrx_word' id='word_1_244' title='bbox 1240 4274 1368 4338; x_wconf 88' lang='lat' dir='ltr'><strong>demum</strong></span> 
     </span>
     <span class='ocr_line' id='line_1_32' title="bbox 170 4375 1371 4462; baseline -0.002 -20"><span class='ocrx_word' id='word_1_245' title='bbox 170 4378 196 4442; x_wconf 92' lang='lat' dir='ltr'><strong>si</strong></span> <span class='ocrx_word' id='word_1_246' title='bbox 220 4375 308 4441; x_wconf 88' lang='lat' dir='ltr'><strong>aliud</strong></span> <span class='ocrx_word' id='word_1_247' title='bbox 330 4376 515 4441; x_wconf 88' lang='lat' dir='ltr'><strong>canonicum</strong></span> <span class='ocrx_word' id='word_1_248' title='bbox 540 4399 603 4441; x_wconf 90' lang='lat' dir='ltr'><strong>non</strong></span> <span class='ocrx_word' id='word_1_249' title='bbox 621 4375 753 4440; x_wconf 81' lang='lat' dir='ltr'><strong>obsistat</strong></span> <span class='ocrx_word' id='word_1_250' title='bbox 768 4387 839 4461; x_wconf 89' lang='lat' dir='ltr'><strong>post</strong></span> <span class='ocrx_word' id='word_1_251' title='bbox 854 4377 966 4439; x_wconf 91' lang='lat' dir='ltr'><strong>ninum</strong></span> <span class='ocrx_word' id='word_1_252' title='bbox 990 4377 1104 4462; x_wconf 87' lang='lat' dir='ltr'><strong>rigoris</strong></span> <span class='ocrx_word' id='word_1_253' title='bbox 1127 4379 1230 4442; x_wconf 92' lang='lat' dir='ltr'><strong>oleum</strong></span> <span class='ocrx_word' id='word_1_254' title='bbox 1251 4379 1371 4442; x_wconf 89' lang='lat' dir='ltr'><strong>miseri-</strong></span> 
     </span>
     <span class='ocr_line' id='line_1_33' title="bbox 170 4480 1310 4566; baseline 0.001 -21"><span class='ocrx_word' id='word_1_255' title='bbox 170 4480 275 4546; x_wconf 91' lang='lat' dir='ltr'><strong>cordie</strong></span> <span class='ocrx_word' id='word_1_256' title='bbox 293 4481 423 4546; x_wconf 89' lang='lat' dir='ltr'><strong>sauciati</strong></span> <span class='ocrx_word' id='word_1_257' title='bbox 438 4480 625 4545; x_wconf 92' lang='lat' dir='ltr'><strong>uulneribus</strong></span> <span class='ocrx_word' id='word_1_258' title='bbox 640 4503 696 4564; x_wconf 90' lang='lat' dir='ltr'><strong>per</strong></span> <span class='ocrx_word' id='word_1_259' title='bbox 711 4480 955 4566; x_wconf 89' lang='lat' dir='ltr'><strong>dispensationis</strong></span> <span class='ocrx_word' id='word_1_260' title='bbox 970 4482 1106 4566; x_wconf 83' lang='lat' dir='ltr'><strong>gratiam</strong></span> <span class='ocrx_word' id='word_1_261' title='bbox 1122 4481 1310 4547; x_wconf 81' lang='lat' dir='ltr'><strong>infundatis,</strong></span> 
     </span>
    </p>
   </div>
   <div class='ocr_carea' id='block_1_6' title="bbox 223 4688 1328 4757">
    <p class='ocr_par' dir='ltr' id='par_1_6' title="bbox 223 4688 1328 4757">
     <span class='ocr_line' id='line_1_34' title="bbox 223 4688 1328 4757; baseline 0.001 -16"><span class='ocrx_word' id='word_1_262' title='bbox 223 4688 231 4720; x_wconf 85' lang='lat'><strong>¹</strong></span> <span class='ocrx_word' id='word_1_263' title='bbox 243 4691 375 4757; x_wconf 88' lang='lat' dir='ltr'><strong>Probably</strong></span> <span class='ocrx_word' id='word_1_264' title='bbox 388 4690 434 4742; x_wconf 90' lang='lat' dir='ltr'><strong>the</strong></span> <span class='ocrx_word' id='word_1_265' title='bbox 447 4690 590 4742; x_wconf 84' lang='lat' dir='ltr'><strong>Cistercian</strong></span> <span class='ocrx_word' id='word_1_266' title='bbox 604 4690 686 4756; x_wconf 84' lang='lat' dir='ltr'><strong>abbey</strong></span> <span class='ocrx_word' id='word_1_267' title='bbox 698 4691 728 4741; x_wconf 84' lang='lat' dir='ltr'><strong>of</strong></span> <span class='ocrx_word' id='word_1_268' title='bbox 744 4691 783 4740; x_wconf 86' lang='lat' dir='ltr'><strong>La</strong></span> <span class='ocrx_word' id='word_1_269' title='bbox 795 4691 927 4755; x_wconf 86' lang='lat' dir='ltr'><strong>Colombe,</strong></span> <span class='ocrx_word' id='word_1_270' title='bbox 941 4691 969 4740; x_wconf 89' lang='lat' dir='ltr'><strong>in</strong></span> <span class='ocrx_word' id='word_1_271' title='bbox 982 4691 1028 4741; x_wconf 90' lang='lat' dir='ltr'><strong>the</strong></span> <span class='ocrx_word' id='word_1_272' title='bbox 1040 4691 1142 4742; x_wconf 88' lang='lat' dir='ltr'><strong>diocese</strong></span> <span class='ocrx_word' id='word_1_273' title='bbox 1154 4692 1184 4742; x_wconf 86' lang='lat' dir='ltr'><strong>os</strong></span> <span class='ocrx_word' id='word_1_274' title='bbox 1197 4691 1328 4757; x_wconf 84' lang='lat' dir='ltr'><strong>Limoges.</strong></span> 
     </span>
    </p>
   </div>
   <div class='ocr_carea' id='block_1_7' title="bbox 0 0 1554 5476">
    <p class='ocr_par' dir='ltr' id='par_1_7' title="bbox 0 0 1554 5476">
     <span class='ocr_line' id='line_1_35' title="bbox 0 0 1554 5476; baseline 0 0"><span class='ocrx_word' id='word_1_275' title='bbox 0 0 1554 5476; x_wconf 95' lang='lat' dir='ltr'><strong> </strong></span> 
     </span>
    </p>
   </div>
  </div>
 </body>
</html>
