3098 5476
286 553 350 617 124
447 568 602 617 oxvm.
629 570 680 617 nn
708 569 967 618 Juannnnro
996 569 1083 617 uon
1111 569 1320 619 snavaro.

749 853 797 898 nn
820 852 951 900 nonan.
975 833 1034 920 (2).

330 1008 578 1094 Archiepiscopo
587 1008 846 1095 Rotbomagensi.
878 1008 1025 1095 Receptis
1037 1009 1150 1074 litteris
1162 1008 1275 1074 uestris
1286 1031 1347 1094 pro
1359 1046 1496 1057 —

285 1112 439 1178 monacho
462 1124 568 1178 uestro
583 1113 682 1177 latore
703 1112 897 1199 presentium
912 1113 1004 1177 nobis
1026 1113 1221 1178 transmissis
1241 1113 1347 1198 ipsum
1363 1111 1408 1176 ad
1425 1135 1494 1196 uos,

283 1217 469 1282 auctoritate
483 1216 604 1282 domini
620 1200 701 1303 pape
716 1239 787 1280 cum
803 1215 920 1281 eisdem
936 1216 1051 1281 litteris
1066 1225 1096 1281 et
1108 1216 1218 1281 cedula
1233 1240 1294 1302 que
1305 1217 1494 1281 contineba-

284 1322 386 1386 turin
402 1321 446 1386 eis
461 1320 659 1408 presentibus
674 1319 860 1403 interclusis,
873 1320 914 1384 ab
929 1321 1265 1386 excommunicationis
1279 1321 1413 1385 uinculo
1428 1344 1493 1407 quo

282 1425 448 1490 tenebatur
462 1425 608 1489 astrictus
630 1425 720 1489 iuxta
744 1424 878 1489 formam
899 1425 1026 1489 ecclesie
1047 1424 1229 1489 absolutum
1244 1435 1275 1489 et
1290 1447 1309 1488 a
1324 1447 1491 1490 sacrorum

283 1529 431 1594 ordinum
445 1528 626 1594 executione
640 1551 837 1614 suspensum,
847 1527 888 1592 ad
904 1551 960 1593 uos
976 1527 1128 1593 duximus
1144 1527 1373 1594 remittendum
1386 1538 1491 1594 uestra

282 1631 483 1718 prouidentie
494 1632 725 1697 committentes
740 1641 895 1718 quatenus
911 1631 1053 1696 iniuncta
1068 1632 1096 1696 ei
1109 1655 1167 1717 pro
1182 1632 1274 1718 culpe
1289 1631 1391 1698 modo
1402 1633 1492 1718 peni·

282 1737 381 1801 tentia
396 1737 585 1822 competenti
601 1735 707 1822 ipsum
719 1737 752 1799 in
769 1735 945 1800 minoribus
960 1735 1129 1800 dumtaxat
1140 1735 1309 1801 ordinibus
1323 1736 1490 1820 tolleratis,

282 1839 418 1904 eundem
440 1841 473 1904 in
496 1863 554 1906 suo
576 1840 766 1905 monasterio
788 1839 885 1926 recipi
909 1839 1056 1904 facientes
1078 1863 1142 1905 non
1166 1839 1311 1905 obstante
1334 1840 1490 1906 mandato

280 1944 366 2031 quod
389 1944 418 2008 ei
440 1944 536 2009 abbas
560 1966 635 2008 suus
657 1943 697 2008 de
720 1966 782 2008 non
806 1942 967 2009 redeundo
989 1942 1031 2007 ad
1054 1942 1228 2008 claustrum
1245 1943 1355 2009 fecisse
1370 1943 1490 2009 dicitur

280 2049 340 2113 sub
363 2047 469 2113 debito
487 2048 610 2134 prestiti
633 2047 814 2130 iuramenti,
831 2047 1075 2134 dispensationis
1098 2047 1315 2113 misericordia
1337 2046 1372 2112 in
1394 2051 1490 2114 sacris

281 2152 447 2218 ordinibus
461 2175 480 2216 a
495 2151 567 2216 sede
588 2151 760 2237 apostolica
776 2174 838 2216 non
856 2151 993 2218 obtenta.
1043 2150 1120 2216 Non
1135 2152 1219 2216 enim
1236 2151 1278 2216 ad
1301 2151 1335 2216 id
1355 2153 1490 2239 alligare

281 2257 386 2342 potuit
402 2256 451 2320 ius
467 2255 608 2320 mandati
624 2256 709 2342 quod
726 2278 790 2320 non
806 2279 846 2320 ex
861 2257 911 2320 sui
926 2256 1059 2321 arbitrio
1074 2256 1128 2320 sed
1144 2256 1317 2342 superioris
1332 2265 1489 2342 potestate

281 2359 449 2447 dependet.

797 2667 974 2736 CXVIII.

512 2859 570 2924 Da
593 2859 615 2924 J
619 2877 813 2923 uanunnro
837 2859 962 2924 L1c1no
985 2878 1060 2925 non
1083 2860 1257 2928 Saevire.

328 3037 488 3123 Episcopo
519 3035 727 3122 Bai[o]censi.
782 3035 910 3100 Latoris
940 3036 1133 3120 presentium
1165 3036 1276 3121 petitio
1305 3038 1491 3104 continebat

283 3142 368 3230 quod
391 3164 464 3206 cum
486 3140 564 3206 olim
579 3138 666 3226 apud
688 3139 866 3204 Bononiam
884 3150 1059 3204 moraretur
1074 3140 1107 3203 in
1131 3141 1224 3206 scolis
1246 3152 1358 3207 ettam
1374 3167 1435 3229 pro
1458 3167 1489 3208 se

282 3271 376 3334 quam
394 3269 452 3332 pro
467 3245 559 3310 sociis
582 3244 693 3308 fuisset
708 3243 868 3329 obligatus
890 3243 924 3306 in
941 3243 1060 3326 multis,
1076 3267 1095 3308 a
1109 3243 1310 3310 credentibus
1333 3246 1400 3312 illis
1423 3270 1487 3312 non

283 3362 362 3418 esset
384 3349 593 3415 creditoribus
616 3347 823 3430 satisfactum,
840 3347 959 3411 iurauit
981 3370 1013 3412 se
1036 3371 1101 3413 non
1123 3371 1318 3414 recessurum
1342 3350 1488 3416 Bononia

283 3458 345 3522 nisi
368 3478 478 3520 eorum
492 3454 592 3540 petita
606 3452 733 3517 licentia
757 3461 787 3516 et
803 3452 940 3516 obtenta.
987 3452 1069 3517 Sane
1091 3476 1163 3517 cum
1179 3453 1264 3518 idem
1278 3455 1487 3540 postmodum

282 3560 433 3628 soluendo
463 3582 526 3624 non
558 3566 646 3639 esset,
677 3579 733 3621 nec
771 3557 899 3622 haberet
928 3558 1021 3622 etiam
1054 3558 1232 3622 subsidium
1263 3582 1487 3651 expensarum,

282 3666 441 3731 licentiam
464 3662 639 3748 postulauit
660 3661 701 3725 ab
725 3661 770 3725 eis
795 3671 830 3725 ut
854 3670 920 3725 tam
944 3661 985 3725 ab
1010 3662 1080 3748 ipso
1099 3685 1195 3748 quam
1219 3686 1238 3727 a
1262 3665 1355 3729 sociis
1380 3665 1488 3731 debita

283 3770 488 3835 soluerentur.
549 3765 633 3830 Cum
659 3775 765 3829 autem
790 3765 970 3830 licentiatus
994 3775 1074 3831 esset
1096 3789 1116 3830 a
1140 3766 1297 3852 pluribus,
1324 3768 1487 3856 aliquibus

282 3870 577 3952 contradicentibus,
588 3870 721 3951 recessit,
731 3868 888 3955 quendam
901 3871 1002 3934 ciuem
1019 3870 1240 3936 bononiensem
1258 3871 1487 3939 nichilominus

283 3978 400 4043 ducens
422 3998 526 4040 secum
550 3996 715 4059 perquem
734 3973 929 4038 commodius
951 3973 1129 4040 satisfacere
1152 3985 1257 4060 posset
1275 3975 1487 4043 creditoribus

285 4071 488 4150 memoratis
519 4078 647 4146 Verum
670 4100 742 4142 cum
762 4080 803 4142 sit
818 4077 959 4163 plenarie
979 4079 1174 4144 satisfactum
1197 4079 1236 4144 de
1256 4079 1373 4146 debitis
1395 4083 1486 4168 petiit

285 4185 449 4250 humiliter
463 4183 524 4248 sibi
547 4205 641 4268 super
656 4184 887 4268 trangressione
911 4182 1092 4249 huiusmodi
1115 4184 1283 4249 iuramenti
1309 4186 1486 4253 misericor-

283 4290 366 4355 diter
388 4287 559 4352 subueniri.
605 4287 674 4352 Nos
696 4295 800 4352 antem
825 4296 881 4353 etc.
900 4300 1055 4372 quatenus
1077 4289 1103 4352 si
1126 4287 1166 4352 de
1188 4288 1375 4355 huiusmodi
1396 4292 1486 4356 satis-

283 4394 416 4459 factione
432 4390 572 4478 predicta
586 4391 677 4455 uobis
699 4391 882 4471 constiterit,
900 4401 931 4456 et
945 4392 1071 4477 culpam
1087 4393 1153 4457 eius
1175 4393 1287 4457 notitia
1303 4395 1437 4480 publica
1453 4397 1483 4459 in

282 4499 426 4586 partibus
449 4495 560 4561 uestris
585 4518 646 4559 non
671 4494 823 4580 producat
838 4496 870 4559 in
888 4495 1082 4580 scandalum,
1100 4497 1242 4561 iniuncta
1257 4499 1286 4562 ei
1310 4511 1366 4566 etc.
1387 4523 1485 4586 usque

287 4604 427 4686 obsistat,
444 4602 543 4666 eidem
559 4599 803 4685 dispensationis
818 4600 941 4665 aditum
959 4624 1023 4665 non
1038 4600 1203 4666 claudatis.
