3098 5476
264 546 459 596 XXXVIII.
487 547 538 594 Du
566 545 908 595 ooMMUNIoANru
936 547 1020 596 oUM
1048 548 1275 596 HERETICO.
1335 533 1378 596 55

638 775 687 820 nu
710 775 841 822 nonunt.
866 756 922 844 (2).

220 931 382 1017 Episcopo
397 931 556 996 Trecensi.
602 931 754 996 Habebat
776 931 888 996 relatio
910 932 949 998 Τ.
966 943 998 996 et
1020 932 1051 999 S.
1067 933 1261 1018 presentium
1282 933 1380 1017 porti-

169 1046 283 1102 torum
298 1034 385 1121 quod
407 1057 480 1099 cum
503 1035 610 1120 laycus
633 1034 763 1120 quidam
780 1034 819 1100 de
841 1035 941 1100 heresi
964 1035 1211 1123 condempnatus
1233 1035 1379 1101 carcerali

172 1139 288 1205 fuisset
304 1139 502 1225 mancipatus
523 1137 663 1203 custodie
685 1148 716 1202 et
730 1138 899 1204 confractis
922 1140 1059 1204 uinculis
1082 1163 1098 1204 e
1120 1162 1240 1204 carcere
1256 1139 1380 1225 fugiens

169 1243 217 1309 ad
241 1266 293 1309 eos
318 1251 472 1308 nocturno
495 1251 636 1329 tempore
665 1242 850 1326 accessisset,
874 1243 968 1308 iidem
995 1243 1037 1307 ad
1066 1244 1133 1308 eius
1162 1243 1378 1329 importunam

169 1347 360 1413 instantiam
386 1347 552 1412 asserentis
577 1369 610 1411 se
636 1355 740 1412 uestro
763 1347 905 1433 paruisse
932 1347 1081 1412 mandato
1108 1348 1218 1433 ipsum
1245 1349 1278 1411 in
1305 1348 1380 1413 hos-

172 1452 257 1538 pitio
283 1459 478 1537 receperunt,
505 1460 536 1515 et
562 1450 635 1515 licet
660 1450 738 1515 alias
768 1450 817 1514 illi
844 1461 996 1537 tanquam
1022 1450 1140 1537 hospiti
1169 1451 1378 1517 humanitatis

171 1555 290 1621 solatia
320 1555 507 1620 exhiberent
537 1577 738 1641 nequaquam
769 1564 874 1619 tamen
906 1555 1043 1620 herroris
1081 1556 1257 1641 participi0,
1288 1557 1377 1621 cuius

174 1661 267 1746 prius
282 1660 409 1724 fuerant
423 1682 552 1744 prorsus
575 1659 689 1744 ignari,
705 1660 978 1724 communicarunt
993 1659 1094 1724 eidem
1111 1659 1195 1725 dicto
1210 1659 1261 1724 uel
1285 1659 1377 1743 facto,

171 1764 310 1830 consilio
334 1763 385 1828 uel
417 1763 524 1828 fauore
551 1763 728 1849 quinimmo
755 1763 848 1827 illum
875 1772 911 1828 ut
936 1772 1079 1828 asserunt
1106 1764 1379 1829 uehementissime

171 1877 346 1954 arguerent
370 1867 455 1954 quod
479 1868 519 1932 ad
544 1877 666 1932 tantam
691 1868 882 1938 dementiam
908 1877 1036 1932 uenerat
1063 1877 1099 1932 ut
1121 1891 1180 1953 pro
1208 1867 1296 1934 falsIs
1321 1869 1380 1954 fig-

175 1973 292 2037 mentis
315 1972 483 2036 ueritatem
506 1994 568 2058 que
590 1970 737 2037 Christus
760 1980 805 2036 est
829 1972 1050 2036 miserabiliter
1072 1972 1251 2058 abnegaret.
1297 1972 1380 2037 Sane

171 2099 248 2142 cum
265 2099 306 2141 ex
322 2077 463 2162 ipsorum
479 2075 672 2141 confessione
688 2076 779 2141 uobis
802 2077 1008 2141 innotesceret
1022 2074 1062 2140 de
1077 2077 1238 2161 premissis
1253 2077 1297 2141 eis
1320 2077 1380 2141 sub

176 2181 330 2267 religione
354 2181 478 2266 prestiti
503 2181 672 2244 iuramenti
696 2179 871 2244 mandastis
894 2180 986 2244 utin
1010 2181 1224 2245 remissionem
1248 2204 1379 2246 suorum

176 2285 396 2372 peccaminum
422 2292 553 2370 propter
577 2284 636 2349 hoc
661 2283 702 2347 ad
726 2293 831 2370 partes
857 2283 1038 2348 accederent
1063 2285 1291 2350 transmarinas
1318 2285 1380 2350 nisi

176 2389 351 2475 apostolica
380 2388 469 2454 sedes
506 2397 543 2453 ut
573 2411 612 2452 ex
643 2388 757 2452 litteris
787 2387 902 2452 uestris
931 2389 1108 2474 accepimus
1137 2388 1381 2455 misericorditer

173 2502 285 2579 ageret
300 2516 373 2557 cum
388 2492 516 2559 eisdem.
564 2492 691 2560 Verum
707 2515 779 2556 cum
803 2491 952 2579 predictis
968 2493 1006 2558 Τ.
1023 2503 1054 2557 et
1069 2493 1100 2558 S.
1118 2516 1223 2557 rerum
1248 2493 1381 2558 facultas

177 2621 243 2662 non
267 2607 415 2683 suppetat
433 2606 465 2662 et
484 2604 657 2682 grauentur
679 2595 885 2661 multitudine
907 2595 1048 2661 filiorum
1070 2596 1235 2661 humiliter
1257 2597 1381 2683 suppli-

175 2709 292 2766 carunt
306 2702 410 2766 honus
425 2701 688 2786 peregrinationis
711 2699 893 2765 huiusmodi
910 2699 950 2764 de
966 2700 1179 2765 misericordia
1194 2701 1276 2766 sedis
1291 2724 1380 2787 apos·

177 2805 271 2870 tolice
293 2806 327 2868 in
351 2804 446 2870 aliam
469 2805 676 2891 penitentiam
699 2805 897 2870 commutari.
944 2804 1031 2897 Quia
1053 2827 1130 2869 uero
1152 2804 1192 2870 de
1215 2805 1297 2871 facto
1320 2815 1378 2870 etc.

177 2911 264 2995 ipsos
285 2908 326 2974 ab
348 2908 681 2975 excommunicationis
704 2909 860 2973 sententia
878 2931 941 2994 qua
963 2919 1093 2994 propter
1112 2909 1171 2974 hoc
1193 2910 1381 2975 tenebantur

177 3014 299 3078 astricti
316 3013 407 3077 iuxta
419 3012 555 3078 formam
567 3013 692 3077 ecclesie
706 3012 867 3078 absolutos
882 3012 923 3076 ad
939 3035 996 3077 uos
1008 3012 1161 3078 duximus
1176 3014 1382 3079 remittendos

177 3118 364 3182 auctoritate
388 3117 511 3182 domini
535 3139 617 3203 pape
644 3127 747 3181 uestro
773 3117 941 3203 prudentie
967 3118 1198 3182 committentes
1225 3128 1382 3204 quatenus

176 3221 384 3287 consideratis
408 3221 578 3306 diligenter
602 3220 724 3307 quoad
750 3221 985 3286 munimentum
1009 3221 1081 3285 fidei
1107 3221 1227 3286 faciunt
1250 3232 1280 3287 et
1303 3223 1382 3287 inte·

176 3326 327 3413 gritatem
363 3325 567 3391 ecclesiastice
594 3325 735 3392 unitatis
768 3326 848 3390 circa
885 3325 1165 3390 commutationem
1198 3326 1381 3392 huiusmodi

180 3439 277 3516 prout
300 3452 409 3495 eorum
433 3428 527 3494 saluti
551 3429 699 3515 expedire
721 3428 865 3494 uideritis
886 3429 1071 3515 procedatis.

648 3643 864 3650 ——-——-‘--.
878 3642 906 3647 „-

670 3776 892 3844 XXXVIII.

231 3968 289 4032 Dn
312 3987 357 4034 uo
378 3987 440 4044 our
463 3967 637 4034 Vmerus
660 3967 938 4033 Courrnnrcassn
960 3987 1034 4034 cunr
1057 3968 1245 4033 Huanrroo
1267 3988 1332 4034 sen

665 4072 749 4137 Sruu
775 4073 898 4138 Onnes.

227 4247 388 4333 Episcopo
403 4246 560 4312 Albiensi.
610 4247 885 4333 Archipresbitero
907 4249 946 4312 ‹le
969 4248 1173 4334 Mon[estier]
1191 4259 1294 4314 uestre
1316 4249 1382 4314 dio-

176 4353 258 4416 cesis
280 4351 456 4437 accepimus
479 4351 646 4415 intimante
661 4352 745 4437 quod
762 4375 834 4415 cum
849 4352 926 4416 olim
942 4353 976 4415 in
992 4352 1137 4437 partibus
1160 4354 1226 4417 suis
1242 4352 1381 4418 diuersa·

182 4478 256 4520 rum
267 4455 424 4520 heresium
437 4463 602 4519 sectatores
614 4454 739 4519 diuersa
751 4457 912 4539 sentirent,
922 4467 953 4520 et
965 4457 1046 4520 inter
1057 4480 1090 4521 se
1105 4457 1242 4522 inuicem
1255 4457 1382 4522 diuersa

181 4561 411 4626 concertatione
434 4561 641 4644 insurgerent,
655 4561 722 4644 ipse
745 4574 904 4646 utcunque
927 4562 975 4624 sui
997 4562 1149 4646 prodigus
1166 4571 1200 4625 ut
1217 4561 1289 4626 fidei
1305 4586 1382 4648 quo·

180 4663 354 4743 dammodo
370 4674 549 4750 parceretur
564 4664 718 4749 quosdam
736 4665 839 4729 miuus
862 4665 961 4730 malos
984 4666 1017 4730 in
1033 4665 1214 4730 exclusione
1228 4689 1381 4752 penarum
