3098 5476
252 571 407 620 XXXIV.
431 571 482 618 DE
510 570 813 627 INQUISI'PIONE
840 570 1008 619 CONTRA
1042 571 1294 621 HERETIOOS.
1335 557 1375 620 51

168 741 219 796 ter
233 753 271 794 ea
286 752 348 816 que
369 728 479 794 cedula
494 729 634 795 continet
648 729 819 794 interclusa
833 730 1032 816 presentibus
1053 728 1094 794 ad
1110 752 1168 795 uos
1190 729 1376 796 auctoritate

170 834 296 899 domini
316 855 398 919 pape
420 834 511 898 iuxta
538 833 674 899 formam
698 834 822 898 ecclesie
845 835 1036 898 remittimus
1062 834 1254 899 absolutum.
1301 834 1375 901 Vos

169 947 279 1004 autem
301 937 505 1002 consideratis
527 937 773 1023 diligenterque
795 937 836 1002 ad
861 938 1094 1002 munimentum
1110 937 1183 1002 fidei
1207 937 1329 1003 faciunt
1345 947 1376 1003 et

169 1042 386 1128 integritatem
411 1041 613 1107 ecclesiastice
640 1041 773 1106 unitatis
800 1041 973 1127 iniungatis
999 1042 1027 1107 ei
1054 1042 1261 1128 penitentiam
1289 1042 1375 1107 salu-

169 1157 283 1229 tarem,
308 1154 480 1210 statuentes
505 1146 587 1210 circa
613 1146 716 1231 ipsum
743 1168 803 1232 que
829 1145 1002 1210 secundum
1029 1145 1196 1211 dominum
1223 1147 1377 1213 uideretis

170 1249 350 1316 statuenda.
397 1248 494 1328 Quod
518 1249 545 1314 si
560 1273 623 1314 non
639 1271 748 1315 omnes
763 1250 825 1315 hiis
848 1249 1041 1336 exequendis
1055 1251 1199 1336 poteritis
1216 1251 1375 1334 interesse,

172 1377 230 1420 uos
246 1353 375 1419 domine
390 1354 535 1440 episcope
550 1376 620 1418 cum
638 1376 748 1418 eorum
763 1354 864 1418 altero
879 1354 1106 1420 nichilominus
1120 1355 1307 1441 procedatis.

635 1548 682 1593 nn
705 1547 837 1594 noenu.
864 1529 920 1614 (4).

216 1698 467 1787 Inquisitoribus
489 1708 599 1765 contra
621 1700 782 1765 hereticos.
830 1699 1067 1765 Confessionem
1092 1701 1132 1764 R.
1151 1701 1241 1792 uobis
1264 1703 1377 1767 remit·

169 1807 271 1870 timus
301 1804 499 1891 presentibus
534 1804 735 1869 interclusam
767 1812 923 1889 quatenus
952 1804 1128 1890 procedatis
1160 1805 1242 1870 circa
1269 1806 1376 1893 ipsum

169 1918 268 1997 prout
294 1908 437 1974 uideritis
463 1907 621 1994 expedire,
644 1909 773 1994 prouiso
800 1907 1058 1995 prudenterque
1083 1909 1124 1974 ad
1149 1909 1222 1975 fidei
1250 1910 1374 1976 faciunt

170 2014 408 2078 munimentum
431 2013 523 2078 etad
546 2012 759 2098 integritatem
780 2012 984 2078 ecclesiastice
1007 2013 1149 2079 unitatis.

684 2308 866 2377 XXXIV.

263 2484 320 2547 Da
344 2483 592 2559 Incursrrroua
617 2483 878 2548 Oouurrununn
901 2502 1042 2548 oournA
1067 2485 1280 2551 Hnanrrcos.

218 2659 378 2744 Episcopo
396 2657 603 2724 Urbeuetano
626 2668 656 2723 et
677 2659 769 2724 fratri
792 2659 925 2744 Rogero.
972 2658 1063 2723 Olim
1083 2682 1102 2723 a
1120 2658 1219 2724 fratre
1240 2660 1279 2726 R.
1296 2660 1377 2725 bone

170 2763 324 2828 memorie
338 2761 474 2849 quedam
496 2763 613 2848 scripta
630 2786 689 2849 pro
704 2763 743 2828 B.
760 2763 859 2828 latore
881 2762 1076 2848 presentium
1090 2762 1131 2827 ad
1155 2763 1260 2828 sedem
1284 2786 1376 2850 apos·

170 2866 303 2932 tolicam
322 2866 409 2931 fuere
431 2867 627 2949 transmissa,
643 2888 738 2953 super
754 2867 871 2952 quibus
894 2867 1098 2931 meminimus
1121 2877 1242 2932 certum
1264 2867 1374 2933 datum

172 2970 270 3036 fuisse
285 2993 479 3057 responsum.
527 2971 609 3036 Sane
624 2972 700 3057 quia
715 2970 856 3057 predicto
868 2970 965 3035 fratre
980 2971 1105 3037 sublato
1121 2972 1160 3036 de
1176 2971 1281 3038 medio
1296 2973 1377 3038 sicut

171 3074 355 3140 audiuimus
378 3098 559 3161 processum
586 3098 649 3141 non
675 3075 780 3140 extitit
806 3075 888 3139 circa
915 3076 1031 3161 ipsum,
1055 3075 1159 3141 dictus
1182 3077 1377 3141 —ad

171 3179 343 3266 apostolice
373 3180 455 3245 sedis
486 3181 619 3245 recurrit
649 3179 826 3244 subsidium
859 3180 1012 3244 instanter
1043 3190 1074 3244 et
1105 3180 1269 3246 humiliter
1301 3204 1377 3267 sup-

171 3283 295 3370 plicans
319 3282 386 3349 eius
415 3283 477 3349 sibi
503 3283 672 3369 prudentia
698 3283 940 3349 misericorditer
966 3284 1140 3348 subueniri.
1188 3285 1275 3363 Quia
1303 3309 1378 3351 uero

172 3388 337 3474 negotium
367 3386 441 3452 fidei
470 3388 613 3474 tangitur
642 3411 682 3453 ne
718 3388 795 3474 quid
832 3387 872 3453 de
901 3388 1156 3474 contingentibus
1188 3390 1377 3454 obmittatur

173 3492 267 3557 uobis
289 3492 345 3578 qui
362 3491 402 3557 de
417 3491 500 3558 facto
515 3503 546 3557 et
560 3493 796 3558 conuersatione
819 3493 918 3579 ipsius
941 3493 1072 3579 potestis
1096 3492 1210 3558 habere
1230 3493 1377 3558 notitiam

172 3596 358 3684 pleniorem,
374 3595 414 3660 de
431 3596 558 3682 speciali
574 3596 724 3662 mandato
739 3596 863 3662 domini
879 3619 959 3683 pape
973 3597 1205 3663 committimus
1221 3607 1377 3683 quatenus

173 3701 200 3766 si
223 3700 341 3786 scripta
361 3701 513 3786 premissa
535 3709 566 3765 et
586 3723 773 3786 responsum
795 3701 1016 3786 prenominato
1039 3701 1130 3766 fratri
1155 3701 1311 3766 directum
1334 3701 1377 3766 ad

172 3804 322 3870 notitiam
349 3814 488 3869 uestram
517 3806 720 3891 peruenerint
746 3806 837 3870 iuxta
863 3814 1005 3870 tenorem
1028 3806 1169 3891 ipsorum
1195 3807 1277 3871 circa
1304 3829 1377 3871 eum

174 3907 322 3974 discretio
342 3919 445 3974 uestra
463 3907 622 3995 procedat.
668 3909 825 3996 Alioquin
847 3910 1009 3997 inquisitis
1031 3920 1061 3975 et
1080 3910 1214 3997 cognitis
1237 3910 1313 3997 quid
1337 3910 1377 3976 de

172 4012 244 4099 ipso
259 4013 376 4077 ueritas
398 4013 645 4078 conuersationis
667 4014 831 4098 perhibeat
845 4023 877 4078 et
892 4014 976 4079 fame
997 4015 1213 4079 testimonium
1235 4015 1377 4100 proferat

173 4116 255 4182 circa
278 4115 385 4196 fidem,
401 4139 496 4202 super
510 4116 707 4182 absolutione
731 4118 831 4203 ipsius
853 4127 885 4183 et
899 4118 1074 4204 penitentia
1097 4118 1229 4183 salutari
1253 4119 1285 4182 in
1302 4142 1376 4184 casu

174 4219 349 4307 procedatis
364 4219 502 4285 eiusdem
525 4229 620 4306 prout
635 4221 667 4284 in
684 4221 843 4286 similibus
861 4245 990 4287 censure
1005 4222 1109 4287 debite
1125 4222 1237 4287 modus
1253 4234 1283 4287 et
1299 4223 1376 4288 ordo

173 4323 358 4411 deposcunt.

632 4432 680 4477 nn
703 4432 834 4479 nonan.
861 4413 917 4501 (2).

218 4586 350 4652 Auditis
379 4609 440 4673 que
469 4587 551 4653 lator
576 4588 771 4674 presentium
798 4589 844 4652 H.
873 4590 962 4676 prior
989 4589 1028 4654 de
1055 4627 1186 4637 -—
1211 4589 1376 4675 proposuit

173 4714 281 4758 coram
310 4691 401 4757 nobis
438 4691 544 4778 ipsum
574 4691 615 4756 ad
646 4715 703 4757 uos
739 4692 892 4757 duximus
931 4693 1159 4759 remittendum
1190 4693 1377 4759 auctoritate
