3098 5476
179 485 220 550 28
367 499 497 550 XVIII.
526 499 576 547 DI}
604 500 779 549 cnsulco
808 499 880 556 QUI
909 499 1176 550 murmuras.

176 658 349 724 remittitur
370 657 426 744 qui
448 657 488 722 de
510 657 592 723 11111
614 667 645 722 11
668 656 742 723 11111
763 658 1008 724 circumstantiis
1031 668 1133 744 potest
1158 658 1277 725 habere
1301 660 1372 725 uoti-

178 764 255 828 tiam
271 762 456 848 pleniorem,
475 772 510 827 ut
525 761 660 827 formata
676 761 849 847 penitentia
863 785 923 848 pro
937 762 1090 849 qualitate
1108 773 1226 847 reatus,
1243 764 1290 828 ibi
1304 788 1373 850 pene

178 867 321 933 debitum
337 865 440 931 soluat
456 865 510 930 ubi
533 865 660 951 culpam
681 866 822 931 noscitur
835 866 1035 952 pertraxisse.
1084 865 1185 932 Unde
1208 868 1236 933 si
1251 907 1374 919 —

178 973 234 1058 qui
249 971 387 1057 priorem
403 993 496 1035 suum
517 969 634 1034 dicitur
648 968 796 1036 occidisse
818 971 985 1056 pretendat
999 971 1119 1037 litteras
1141 972 1207 1037 hiis
1230 996 1294 1060 que
1316 997 1376 1060 pre·

177 1077 338 1141 missimus
374 1097 440 1140 non
469 1074 645 1140 conformes
674 1084 777 1139 uestra
807 1076 1045 1161 circumspectio
1074 1076 1207 1162 colligat
1238 1077 1313 1144 illas
1341 1079 1375 1143 ab

177 1180 364 1246 officialibus
393 1177 479 1265 apud
517 1178 622 1244 sedem
651 1179 855 1264 apostolicam
886 1179 988 1245 officio
1018 1180 1191 1266 penitentie
1222 1181 1377 1268 deputatis

178 1285 310 1349 minime
324 1283 532 1369 processisse.¹

651 1407 904 1414 *—

702 1559 851 1626 XVIII.

177 1753 234 1817 Dn
255 1751 414 1816 (11111111
428 1769 501 1816 vnn
520 1749 714 1814 1111111111
733 1769 795 1827 111
815 1751 1038 1816 1111111111
1055 1771 1136 1816 1111
1157 1752 1379 1820 (1111111111.

221 1925 344 1991 Abbati
361 1963 501 1988 --.
549 1924 711 2011 Impudici
734 1926 816 1990 senis
840 1925 1007 1990 libidinem
1022 1935 1052 1991 et
1069 1926 1192 1993 honesti
1213 1930 1380 1994 contineu-

175 2032 253 2096 tiam
266 2030 389 2094 iuuenis
404 2052 444 2094 ex
460 2029 538 2094 serie
555 2028 731 2094 litterarum
743 2051 822 2116 quas
833 2030 965 2096 domino
977 2053 1057 2117 pape
1072 2031 1206 2097 misistis
1221 2043 1378 2113 notantes,

176 2135 392 2201 intelleximus
414 2133 499 2220 quod
522 2133 599 2198 dum
624 2133 708 2198 ultra
730 2143 845 2199 metam
870 2135 961 2200 etatis
984 2134 1102 2201 fureret
1120 2145 1226 2202 motus
1251 2139 1288 2203 in
1310 2161 1381 2204 sene

174 2240 271 2305 tutele
286 2237 487 2304 moderamen
503 2238 536 2301 in
549 2238 662 2302 iuuene
679 2238 727 2303 uis
742 2237 933 2304 defensionis
949 2240 1090 2322 excessit,
1103 2242 1281 2326 aggressori
1298 2244 1379 2308 uasis

173 2343 351 2409 seminariis
374 2342 555 2428 amputatis.
602 2341 685 2407 Cum
700 2351 806 2407 autem
822 2343 892 2407 seni
915 2344 956 2408 sit
973 2343 1085 2409 medici
1107 2367 1185 2409 cura
1199 2348 1379 2431 prouisum,

174 2448 296 2534 petistis
319 2456 349 2513 et
364 2446 472 2511 iuueni
496 2445 739 2532 dispensationis
761 2447 863 2532 gratia
878 2447 1051 2514 subueniri.
1098 2448 1166 2515 Nos
1189 2459 1300 2516 autem
1315 2451 1380 2517 dis·

173 2551 305 2617 cretioni
321 2559 424 2615 uestre
445 2551 630 2616 auctoritate
645 2550 766 2616 domiui
787 2574 868 2638 pape
884 2551 1072 2617 mandamus
1087 2561 1123 2617 ut
1138 2552 1241 2619 hostis
1264 2565 1379 2622 nature

172 2679 209 2721 ac
224 2679 298 2721 usus
315 2654 462 2720 falsarius
480 2653 635 2719 naturalis
649 2656 704 2740 qui
722 2655 830 2721 fratris
846 2655 1031 2741 pudicitiam
1046 2656 1080 2720 in
1095 2657 1224 2724 ecclesia
1239 2668 1378 2726 attenta·

173 2762 228 2826 bat
243 2760 276 2824 in
300 2759 490 2824 monasterio
513 2759 640 2824 artioris
663 2759 860 2824 obseruantie
883 2759 1064 2825 retrudatur
1079 2760 1219 2828 uindicte
1242 2762 1377 2830 daturus

172 2863 345 2951 exemplar,
362 2885 401 2927 ne
423 2862 630 2949 transgressio
646 2871 784 2929 transeat
800 2864 833 2927 in
849 2864 1042 2951 exemplum.
1090 2864 1173 2930 Saue
1188 2868 1272 2933 circa
1288 2869 1377 2934 iuue-

173 2993 246 3035 nem
264 2969 320 3055 qui
342 2968 401 3033 etsi
423 2967 570 3032 defensor
584 2967 736 3053 pudicitie
760 2967 857 3033 fuerit
873 2968 1004 3034 ultionis
1027 2979 1133 3034 tamen
1155 2993 1302 3038 excessor
1325 2997 1375 3038 ex·

172 3075 273 3139 titisse
295 3072 432 3156 uidetur,
456 3072 502 3136 sic
527 3071 736 3137 moderamini
759 3071 986 3161 prouisio[nis]
1013 3073 1184 3138 arbitrium
1207 3085 1244 3142 ut
1267 3076 1375 3142 defeu-

172 3179 270 3244 siouis
299 3177 439 3242 excessui
466 3176 637 3241 satisfactio
664 3177 796 3241 omniuo
824 3200 888 3242 uon
914 3177 1004 3262 desit,
1029 3188 1060 3243 et
1087 3179 1173 3265 rigor
1199 3181 1376 3266 penitentie

172 3282 270 3348 libere
296 3280 553 3347 contradictionis
580 3279 744 3345 audaciam
771 3304 837 3346 non
863 3292 1047 3368 compescat.
1095 3282 1127 3348 si
1157 3283 1261 3370 igitur
1287 3285 1376 3351 aliud

171 3387 357 3453 canonicum
382 3407 445 3449 nou
469 3384 609 3468 obsistat,
626 3383 870 3471 dispensationis
892 3386 1020 3450 ianuam
1043 3387 1192 3473 aperiatis
1213 3389 1319 3454 eidem
1342 3400 1377 3455 ut

172 3490 345 3557 secundum
370 3489 456 3576 quod
482 3489 632 3575 expedire
656 3490 800 3555 uideritis
828 3491 860 3554 in
886 3491 1051 3557 ordinibus
1078 3493 1141 3556 iam
1165 3495 1321 3581 susceptis
1347 3506 1378 3562 et

172 3597 207 3660 in
234 3593 441 3681 suscipiendis
471 3593 673 3680 dispendium
701 3617 765 3659 uon
793 3595 942 3661 incurrat.
1000 3595 1102 3661 Illum
1131 3605 1237 3661 autem
1266 3622 1377 3665 mona·

171 3700 268 3764 chum
298 3697 489 3763 infronitum
519 3698 575 3784 qui
605 3698 690 3783 turpi
730 3698 899 3764 uerborum
931 3700 1062 3764 lasciuia
1092 3701 1158 3765 seni
1189 3700 1229 3766 de
1261 3704 1377 3782 iuuene

172 3804 301 3868 infamis
327 3800 477 3888 patientie
499 3801 616 3866 dicitur
638 3802 830 3887 protendisse
852 3812 919 3868 arte
941 3804 1112 3889 penitentie
1137 3808 1286 3873 uolumus
1310 3831 1376 3874 esse

172 3908 358 3995 participem
382 3929 476 3993 quem
500 3905 747 3972 abhominabilis
770 3906 862 3993 culpe
877 3891 1040 3972 ⁵credimus
1063 3932 1127 3974 non
1151 3921 1327 3997 expertem.

205 4117 214 4149 ¹
226 4118 293 4170 This
304 4117 327 4168 is
338 4117 367 4168 in
379 4116 571 4168 contradiction
583 4117 648 4168 with
662 4117 712 4167 No.
721 4132 781 4168 xrv.
790 4117 879 4181 above,
889 4117 941 4168 and
953 4118 1018 4169 with
1030 4118 1075 4170 the
1087 4118 1162 4171 older
1173 4129 1276 4172 custom
1288 4123 1319 4174 11
1328 4123 1374 4176 the

169 4203 252 4256 curia.
275 4200 431 4253 Alexander
438 4200 475 4251 II.
484 4200 538 4251 had
550 4217 584 4250 no
592 4200 736 4251 hesitation
746 4201 774 4250 in
783 4200 947 4267 prescribing
959 4202 996 4252 all
1008 4201 1055 4254 the
1067 4201 1162 4254 details
1173 4194 1332 4270 1111111111
1344 4207 1373 4258 in

170 4287 235 4340 such
247 4303 317 4339 cases
328 4284 405 4336 when
417 4283 559 4335 submitted
571 4291 597 4335 to
610 4283 676 4335 him.
705 4285 753 4336 See
765 4284 841 4335 Ivon.
851 4285 1003 4336 Camotens.
1013 4285 1089 4337 Decr.
1099 4285 1129 4337 P.
1138 4300 1167 4338 x.
1179 4303 1200 4339 c.
1211 4288 1250 4354 14,
1262 4290 1302 4341 16.
1340 4291 1373 4341 In

170 4372 217 4423 the
229 4371 307 4422 latter
319 4369 349 4419 of
363 4367 437 4418 these
449 4384 464 4418 a
476 4384 537 4418 man
550 4367 609 4418 who
622 4366 675 4418 had
687 4367 772 4419 killed
784 4386 799 4419 a
810 4368 892 4434 priest
905 4368 1040 4434 attacking
1051 4368 1110 4419 him
1121 4369 1186 4420 with
1199 4388 1271 4423 arms
1282 4373 1306 4424 is
1317 4391 1374 4425 sen·

168 4454 261 4508 tenoed
273 4462 299 4505 to
311 4460 356 4504 ten
367 4451 450 4517 years'
464 4468 588 4517 penance‚
601 4450 700 4516 during
711 4468 790 4502 seven
802 4452 833 4502 11
847 4452 936 4503 which
950 4452 984 4503 he
997 4451 1019 4503 is
1031 4452 1161 4504 excluded
1173 4453 1244 4505 from
1255 4472 1373 4509 commu·

168 4539 234 4590 nion
246 4537 298 4590 and
315 4543 438 4587 entrance
449 4542 476 4586 to
489 4552 504 4586 a
515 4534 624 4586 church.
660 4534 701 4600 By
713 4534 759 4586 the
777 4534 925 4586 thirteenth
937 4543 1047 4601 century
1059 4535 1184 4587 however
1195 4537 1242 4590 the
1256 4540 1372 4607 severity

168 4623 199 4672 11
213 4637 329 4688 penance
341 4619 395 4670 had
407 4619 473 4670 been
485 4619 587 4684 greatly
600 4617 716 4670 relaxed.
