3098 5476
235 471 276 538 68
321 491 375 538 LI.
401 492 451 537 Du
480 489 729 539 VEXA'I'IONE
758 491 837 538 PER
866 489 1073 537 LITTERAS
1100 489 1397 539 APOS‘I'OLIOAS.

233 671 289 734 per
303 648 463 735 quendam
484 648 632 712 clericum
656 647 838 734 impetrauit
853 647 961 712 extitit
976 670 1040 712 non
1057 647 1196 732 ignarus
1214 648 1526 712 executiones-m

233 775 393 817 sacrorum
420 751 581 831 ordinum,
604 753 756 816 concessis
785 752 970 835 minoribus,
997 752 1191 817 interdicatis
1218 750 1333 834 eidem,
1356 758 1533 838 (μασθ-

233 878 333 942 usque
359 855 536 921 uberiorem
559 857 695 941 gratiam
721 855 823 920 ualeat
847 856 998 941 optinere.
1056 855 1215 942 Alioquin
1240 856 1382 920 iniuncta
1403 839 1536 920 &el

232 960 404 1047 penitentia
427 961 614 1046 competenti
638 982 733 1046 super
756 960 818 1024 hiis
842 983 903 1046 que
927 960 1043 1047 scripta
1065 960 1176 1025 cedula
1198 961 1340 1025 continet
1361 983 1443 1045 pre*
1453 964 1538 1012 8·

232 1064 374 1130 sentibus
399 1064 577 1142 interclusa,
603 1087 701 1149 eoque
725 1064 765 1128 ad
795 1075 920 1150 tempus
947 1074 1042 1150 prout
1065 1064 1215 1150 expedire
1242 1062 1387 1129 uideritis
1412 1071 1536 1128 5³

233 1192 362 1235 suorum
378 1169 528 1234 ordinum
542 1171 724 1234 executione
739 1191 901 1254 suspenso,
914 1168 1043 1233 demum
1057 1177 1114 1233 etc.
1130 1192 1229 1255 usque
1244 1168 1456 1233 admittatis-
1472 1174 1533 1218 ἒ·

696 1397 744 1441 nn
768 1396 900 1442 nonan.
926 1378 983 1464 (5).

277 1553 435 1640 Episcopo
457 1553 554 1638 Rigil.
580 1553 626 1639 [l]
673 1553 727 1619 W.
748 1552 850 1617 clerici
877 1553 985 1618 latoris
1009 1553 1203 1640 presentium
1226 1552 1340 1618 relatio
1362 1576 1431 1618 con-
1512 1578 1520 1585 ·

232 1658 353 1722 tinebat
375 1656 460 1744 quod
484 1680 555 1722 cum
578 1657 655 1722 olim
678 1657 717 1722 de
739 1666 824 1721 certa
850 1657 979 1722 scientia
1001 1656 1166 1722 cuiusdam
1190 1657 1283 1721 amici
1309 1658 1359 1722 sui
1385 1657 1431 1720 cui

232 1761 429 1847 subdelegari
445 1756 632 1826 ¹obtinuerat
646 1784 772 1826 oausam
795 1784 886 1825 suam
908 1761 1013 1847 sigillo
1035 1762 1103 1828 eius
1125 1764 1158 1826 in
1182 1762 1312 1826 nomine
1337 1762 1431 1825 fabri-

232 1875 301 1931 cato
323 1866 476 1953 quosdam
498 1865 695 1930 aduersarios
718 1888 791 1930 suos
813 1875 919 1952 preter
942 1865 1042 1952 ipsius
1065 1865 1263 1951 subdelegati
1286 1865 1431 1931 notitiam

232 1970 272 2035 ad
288 1980 409 2035 certum
423 1969 508 2034 diem
523 1970 612 2035 citari
629 1970 755 2050 feccrit3
777 1979 884 2034 tamen
899 1981 970 2056 post
983 1970 1115 2055 paulum
1129 1970 1306 2056 penitentia
1321 1970 1432 2035 ductus

232 2074 318 2161 quod
345 2074 378 2137 in
402 2074 460 2139 hac
482 2083 571 2160 parte
595 2075 701 2138 minus
728 2073 861 2159 prouide
884 2074 998 2138 fecerat
1020 2074 1190 2140 reuocauit.
1245 2074 1349 2159 Super
1370 2097 1431 2160 quo

232 2188 298 2242 tam
323 2178 428 2242 anime
457 2201 512 2242 sue
542 2201 638 2263 quam
665 2177 748 2242 fame
778 2177 839 2241 sibi
866 2177 959 2262 petiit
989 2176 1233 2243 misericorditer
1262 2177 1430 2263 prouideri.

233 2283 302 2348 Nos
326 2283 425 2367 igitur
447 2292 503 2346 etc.
521 2305 621 2368 usque
645 2283 786 2346 iniuncta
811 2281 872 2346 sibi
897 2281 1072 2367 penitentia
1096 2280 1228 2347 salutari
1255 2282 1357 2368 ipsius
1380 2281 1432 2347 de-

233 2385 385 2451 siderium
400 2386 587 2451 admisimus
602 2385 642 2450 ad
659 2387 766 2472 petita.

710 2583 855 2591 -ψ
861 2584 963 2588 ——...

804 2718 862 2782 Ll.

269 2902 325 2965 Ds
350 2920 394 2966 so
417 2920 480 2978 our
504 2901 642 2969 stnr
666 2902 837 2977 Arnousu
860 2920 932 2966 Pan
955 2903 1135 2965 errnnns
1157 2903 1398 2967 Aeosromcns

519 3008 703 3070 Arnsnrus
727 3005 880 3069 Nonrnn
904 3006 1148 3070 Incursurus.

276 3181 436 3268 Episcopo
453 3221 594 3247 —-.
641 3182 840 3246 Transmissa
863 3181 954 3247 nobis
977 3181 1128 3266 Symonis
1149 3181 1293 3247 canonici
1315 3181 1431 3248 ordinis

231 3288 331 3352 sancti
343 3287 518 3372 Augustini
536 3287 646 3371 petitio
661 3285 841 3350 continebat
856 3284 942 3372 quod
958 3286 1025 3372 ipse
1040 3285 1118 3350 olim
1134 3285 1247 3350 habitu
1261 3296 1294 3350 et
1308 3286 1427 3352 actibus

231 3391 361 3456 clericus
377 3390 524 3456 secularis
539 3391 677 3455 existens
692 3389 810 3475 accepit
826 3398 937 3454 mutuo
953 3398 971 3454 a
987 3388 1125 3476 quodam
1141 3389 1224 3455 socio
1239 3412 1299 3455 suo
1314 3390 1431 3455 litteras

230 3495 417 3581 apostolicas
440 3494 564 3560 Nicolai
588 3495 715 3559 nomine
738 3495 921 3579 impetratas
943 3504 974 3558 ct
994 3516 1050 3579 per
1064 3517 1116 3559 eas
1137 3494 1324 3580 procurauit
1344 3494 1431 3560 citari

230 3598 389 3685 quendam
405 3599 462 3684 qui
478 3599 649 3664 uocabatur
664 3598 792 3662 nomine
811 3598 1020 3684 impetrantis,
1037 3596 1100 3662 fide
1115 3598 1345 3663 nichilominus
1361 3598 1432 3663 data

231 3701 318 3790 quod
333 3711 443 3769 contra
454 3702 547 3766 illurn
562 3701 732 3767 Nicolaum
746 3701 871 3767 fuerant
882 3703 1056 3788 impetrate.
1103 3701 1207 3788 Super
1218 3724 1283 3788 quo
1300 3702 1432 3789 petitum

231 3816 279 3872 est
292 3816 348 3874 etc.
395 3807 463 3871 Nos
485 3816 590 3870 autem
606 3817 662 3871 etc.
678 3815 834 3892 quatenus
857 3806 979 3892 prefato
999 3805 1031 3872 S.
1047 3806 1086 3871 de
1108 3806 1319 3872 absolutionis
1341 3807 1433 3872 bene-

232 3910 303 3976 ficio
329 3909 541 3997 prouidentes,
569 3910 742 3995 iniungatis
768 3911 795 3974 ei
823 3911 1027 3996 penitentiam
1055 3919 1086 3976 et
1112 3909 1175 3974 alia
1200 3933 1263 3997 que
1290 3909 1434 3976 uideritis

232 4014 390 4101 expedire.

692 4155 740 4199 nn
763 4154 895 4201 nonum.
920 4136 976 4222 (2).

275 4311 526 4398 Archiepiscopo
552 4311 740 4377 Turonensi.
808 4310 925 4377 Petrus
956 4311 1140 4376 Gauenardi
1170 4310 1300 4378 clericus
1332 4322 1435 4378 uestra

231 4414 362 4481 diocesis
388 4416 470 4480 lator
495 4416 690 4502 presentium
716 4416 883 4501 proposuit
907 4438 1013 4480 coram
1040 4414 1133 4480 nobis
1157 4415 1243 4502 quod
1270 4417 1436 4504 cumipse

231 4519 309 4585 olim
324 4519 478 4606 quasdam
497 4519 617 4584 litteras
642 4521 675 4582 in
690 4520 851 4584 communi
876 4519 977 4584 forma
1000 4542 1019 4583 a
1041 4517 1115 4584 sede
1138 4519 1312 4605 apostolica
1334 4521 1433 4608 impe

231 4633 343 4688 trasset
357 4647 409 4688 eas
424 4623 674 4689 accommodauit
688 4622 743 4687 alii
759 4623 874 4688 clerico
889 4623 945 4708 qui
963 4661 1091 4672 -—
1106 4624 1234 4689 nomine
1249 4625 1432 4690 uocabatur.
