3098 5476
170 536 233 600 116
412 553 536 602 cvm.
564 553 615 601 DE
644 553 841 600 Pnonoro
870 554 916 601 IN
944 553 1122 602 neuma.

169 711 369 797 prouidentie
395 713 626 778 committentes
650 722 806 798 quatenus
832 712 975 777 iniuncta
996 713 1057 778 sibi
1082 736 1140 799 pro
1163 713 1258 813 culpe
1284 713 1388 779 modo

169 815 344 902 penitentia
366 816 556 901 competenti
579 838 678 902 eoque
700 815 740 881 ad
763 824 889 902 tempus
912 825 968 882 etc.

704 1115 843 1183 CVIII.

521 1307 578 1371 De
602 1307 773 1372 Psonoro
797 1326 837 1371 ru
861 1308 1016 1374 Arunrn.

212 1482 334 1547 Abbati
351 1481 391 1547 de
407 1483 580 1560 Quartana
596 1482 812 1548 Cisterciensis
827 1483 959 1548 ordinis.
1007 1483 1062 1547 Ex
1084 1491 1174 1569 parte
1189 1494 1299 1549 uestra
1318 1483 1385 1549 fuit

168 1587 367 1672 propositum
382 1609 487 1652 coram
504 1587 594 1651 nobis
610 1586 694 1672 quod
711 1586 808 1652 frater
825 1586 864 1652 G.
883 1586 1056 1652 monachus
1076 1589 1260 1654 monasterii
1276 1589 1382 1653 uestri

168 1700 242 1757 ante
264 1691 427 1777 religionis
455 1692 630 1778 ingressum
653 1714 782 1778 peregre
808 1693 1006 1778 proficiscens
1032 1693 1065 1756 in
1089 1692 1271 1758 subsidium
1294 1702 1383 1758 terre

168 1805 274 1861 sancte
296 1797 329 1859 in
346 1795 491 1881 partibus
507 1795 654 1861 Calabrie
675 1797 807 1861 sabbato
821 1805 1015 1882 pentecostes
1036 1796 1211 1883 aquodam
1228 1798 1382 1884 episcopo

168 1923 260 1986 greco
286 1899 469 1965 diaconatus
494 1900 637 1965 ordinem
661 1909 692 1965 et
715 1899 757 1965 ad
779 1901 910 1987 propria
931 1900 1055 1966 rediens
1081 1924 1100 1966 a
1124 1924 1182 1966 suo
1207 1901 1380 1966 diocesano

169 2005 412 2091 presbiteratum
442 2005 578 2091 suscepit
607 2013 639 2070 et
665 2005 860 2069 ministrauit
890 2004 1042 2070 hactenus
1074 2005 1107 2068 in
1135 2005 1305 2071 ordinibus
1336 2006 1381 2070 sic

169 2108 329 2194 susceptis.
399 2107 502 2194 Super
539 2109 656 2195 quibus
694 2108 756 2173 fuit
793 2108 960 2172 humiliter
990 2109 1206 2195 supplicatum
1238 2108 1301 2174 sibi
1342 2108 1380 2174 de

168 2212 372 2299 prouidentia
395 2211 478 2278 sedis
504 2213 673 2298 apostolice
700 2211 945 2278 misericorditer
967 2212 1140 2299 prouideri.
1185 2213 1275 2292 Quia
1302 2236 1380 2279 uero

168 2316 266 2402 digna
292 2326 338 2381 est
363 2316 471 2382 fauore
497 2326 552 2383 etc.
577 2340 677 2403 usque
701 2326 859 2403 quatenus
886 2316 913 2380 si
938 2317 1114 2383 constiterit
1136 2317 1224 2403 quod
1249 2317 1379 2382 ordina-

168 2423 255 2487 tione
284 2421 415 2506 predicti
446 2421 487 2486 G.
514 2421 610 2485 ritum
638 2429 670 2485 et
697 2421 833 2486 formam
863 2421 1051 2486 sacrosancti
1077 2419 1224 2487 Romane
1250 2421 1378 2486 ecclesie

169 2527 269 2612 ipsius
291 2525 508 2590 obseruauerit
530 2525 703 2607 ordinator,
727 2526 870 2589 iniuncta
891 2526 918 2589 ei
944 2525 1118 2611 penitentia
1139 2525 1207 2592 etc.l

634 2736 681 2780 nn
705 2734 837 2781 sonam.
863 2716 921 2803 (2).

214 2892 461 2978 Archiepiscopo
473 2892 732 2978 Rothomagensi.
774 2892 886 2956 Habet
903 2892 962 2957 hoc
977 2892 1090 2958 relatio
1105 2930 1237 2940 ——
1252 2915 1377 2980 presen-

169 2997 252 3061 tium
268 2997 429 3082 portitoris
445 2996 531 3083 quod
548 2997 614 3082 ipse
628 2996 704 3062 olim
722 2997 804 3061 beati
822 2996 958 3082 Nicolay
974 2997 1056 3061 sicut
1069 3006 1202 3062 uouerat
1216 2996 1375 3062 limitibus

170 3101 305 3166 uisitatis
335 3100 464 3166 diuertit
490 3100 531 3165 ad
561 3100 701 3165 nobilem
732 3100 837 3165 uirum
869 3100 1028 3165 Comitem
1055 3101 1257 3166 Bizacensem
1286 3101 1371 3187 apud

170 3228 264 3292 quem
284 3206 448 3292 aliquantu
469 3214 609 3291 tempore
633 3228 753 3269 moram
778 3204 904 3283 sacione,
924 3205 964 3270 ad
986 3206 1250 3291 presentationem
1274 3206 1376 3292 ipsius

171 3332 228 3395 per
251 3347 382 3358 —
403 3309 627 3394 Rapollensem
648 3309 841 3394 episcopum²
857 3309 898 3373 ad
921 3332 1030 3374 omnes
1053 3332 1156 3375 sacros
1179 3309 1308 3375 ordines
1331 3320 1377 3375 est

169 3423 343 3500 promotus,
359 3414 478 3500 absque
501 3413 580 3478 uitio
604 3413 757 3498 symonie‚
773 3423 805 3477 et
820 3412 952 3477 tandum
976 3413 1017 3477 ad
1034 3414 1163 3499 propria
1179 3413 1314 3479 'rediens
1337 3413 1376 3478 de

170 3517 297 3583 licentia
320 3518 544 3603 predecessoris
575 3517 673 3582 uestri
700 3517 738 3582 B.
768 3517 848 3583 bone
875 3517 1024 3582 memorie
1052 3517 1085 3581 in
1111 3519 1177 3582 suis
1207 3517 1377 3583 ordinibus

171 3622 322 3687 hactenns
348 3621 552 3687 ministrauit.
599 3621 696 3685 Nunc
718 3631 822 3685 autem
846 3645 916 3685 cum
941 3621 1055 3686 litteris
1083 3622 1196 3686 uestris
1218 3621 1259 3686 ad
1283 3645 1377 3708 apos-

169 3726 296 3792 tolicam
320 3726 424 3790 sedem
446 3725 594 3790 accedens
618 3735 653 3789 ut
667 3734 737 3789 tuta
760 3727 949 3791 conscientia
972 3726 1167 3790 ministraret
1181 3726 1379 3812 supplicauit

169 3830 231 3895 sibi
246 3829 285 3894 de
301 3830 399 3916 ipsius
415 3830 614 3915 prouidentia
630 3829 803 3894 subueniri.
850 3830 919 3894 Nos
934 3839 1041 3894 autem
1056 3829 1257 3916 prouidentie
1273 3840 1379 3896 uestre

204 4037 292 4089 ¹This
310 4039 333 4089 is
351 4056 367 4089 a
383 4039 518 4104 duplicate
535 4039 565 4089 of
577 4038 670 4090 rubrio
687 4053 743 4090 crv.
762 4056 819 4090 case
838 4038 1056 4104 3-presumably
1074 4038 1232 4091 introduced
1248 4057 1265 4090 a
1282 4039 1378 4092 second

169 4122 273 4174 timeto
286 4122 416 4173 illustrate
428 4122 474 4173 the
487 4122 588 4174 feature
600 4123 630 4172 of
639 4121 792 4172 ordination
804 4121 839 4187 by
851 4139 867 4172 a
879 4121 975 4187 bishop
988 4122 1018 4172 of
1032 4122 1147 4173 another
1159 4121 1272 4174 diocese.

204 4205 283 4256 ²The
298 4222 340 4256 see
357 4206 387 4255 of
401 4205 517 4271 Rapolla
528 4223 580 4257 was
598 4205 691 4256 united
703 4204 768 4256 with
787 4205 846 4256 that
863 4205 894 4256 of
909 4204 984 4257 Melfi
1002 4205 1031 4255 in
1050 4206 1124 4255 1528.
1164 4205 1224 4257 The
1240 4206 1334 4258 shrine
1352 4207 1382 4258 of

168 4289 207 4342 st.
220 4289 349 4340 Nicholas
361 4296 388 4339 at
400 4289 463 4339 Bari
475 4306 527 4339 was
538 4306 554 4339 a
566 4289 639 4354 place
652 4290 681 4339 of
695 4296 770 4354 great
781 4295 865 4340 resort
876 4288 911 4354 by
922 4288 1052 4354 pilgrims,
1066 4306 1129 4340 ever
1141 4288 1212 4341 since
1224 4306 1298 4342 some
1310 4307 1380 4342 mer-

168 4373 262 4426 chants
279 4373 314 4439 by
325 4390 342 4423 a
352 4372 430 4438 picus
444 4372 556 4436 robbery
568 4372 684 4437 brought
696 4372 739 4423 his
750 4372 828 4423 relies
840 4372 945 4424 thither
957 4372 986 4422 in
999 4373 1064 4423 1087
1077 4372 1146 4423 from
1159 4373 1240 4439 Myra
1250 4373 1281 4424 in
1294 4373 1380 4439 Lycia
1442 4386 1444 4393 ⁴

171 4456 312 4522 (sigeberti
324 4455 506 4508 Gemblacens.
519 4455 618 4506 Chron.
633 4472 693 4506 ann.
706 4455 795 4521 1087).
830 4456 889 4507 The
902 4455 1049 4508 Venetians
1066 4455 1121 4506 also
1134 4455 1249 4508 claimed
1260 4456 1322 4508 that
1334 4456 1380 4508 his

169 4540 239 4606 body
251 4558 302 4592 was
319 4539 435 4605 brought
447 4546 473 4589 to
486 4539 559 4591 their
570 4539 624 4604 city
637 4539 665 4588 in
677 4539 750 4603 1097,
763 4538 812 4590 but
828 4539 875 4590 the
888 4538 1000 4589 Barians
1017 4538 1131 4590 asserted
1149 4539 1210 4590 that
1222 4540 1298 4592 these
1309 4557 1378 4592 were

170 4624 217 4675 the
229 4624 343 4675 remains
355 4624 385 4674 of
400 4623 511 4674 inferior
523 4622 604 4673 saints
621 4622 735 4687 rejected
753 4622 788 4687 by
799 4623 846 4674 the
863 4622 921 4674 first
937 4622 1189 4689 spoilers.-Baron.
1203 4623 1303 4676 Annal.
1317 4641 1378 4675 ann.

173 4708 238 4758 1087
252 4724 279 4757 n.
295 4708 334 4756 21.
