3098 5476
217 558 385 609 cxxvn.
414 559 465 606 nu
494 558 669 606 00011100
699 557 771 613 our
800 557 1045 606 corrnaxrr
1074 559 1161 605 nro.
1231 543 1293 606 131

98 742 152 805 per
166 719 265 783 uerba
280 718 319 785 de
337 719 476 804 presenti
498 719 658 783 contraxit
674 728 704 783 et
719 741 753 782 ea
769 716 884 782 sciente
906 717 1107 804 postmodum
1124 717 1163 781 ad
1188 741 1297 783 omnes

95 846 197 888 sacros
219 821 347 888 ordines
369 834 416 888 est
438 832 604 909 promotus
627 833 657 887 et
680 822 876 888 ministrauit
899 823 931 885 in
951 822 1027 888 illis.
1073 823 1201 890 Verum
1223 845 1297 886 cum

97 927 179 991 dicta
207 927 321 991 mulier
347 936 382 991 ut
408 926 525 991 dicitur
551 927 615 991 iam
643 927 767 993 nouerit
793 927 966 992 castitatem
995 926 1189 1012 supplicauit
1213 925 1298 990 idem

97 1031 250 1116 presbiter
276 1053 371 1117 super
394 1032 556 1117 premissis
585 1031 717 1096 salutari
743 1031 804 1096 sibi
833 1031 964 1096 consilio
991 1029 1162 1117 prouideri.
1227 1029 1298 1095 Nos

97 1135 195 1222 igitur
209 1136 394 1201 auctoritate
415 1136 537 1201 domini
560 1159 641 1222 pape
663 1145 719 1201 etc.
736 1158 836 1221 usque
858 1131 1012 1221 quatenus
1034 1135 1061 1200 si
1084 1135 1168 1200 dicta
1184 1134 1299 1199 mulier

97 1239 184 1305 illius
206 1240 297 1305 etatis
319 1240 425 1305 existit
442 1240 528 1325 quod
550 1241 590 1305 de
612 1241 712 1326 ipsius
734 1249 817 1306 statu
840 1241 967 1305 sinistra
989 1263 1053 1306 non
1067 1241 1168 1326 possit
1189 1238 1298 1303 haberi

96 1345 243 1429 suspicio,
258 1366 295 1409 ea
314 1349 349 1409 in
366 1344 512 1410 manibus
534 1345 648 1411 uestris
671 1353 782 1410 uotum
804 1344 956 1410 castitatis
978 1344 1195 1430 sollempniter
1210 1343 1299 1408 emit·

96 1457 189 1532 tente,
206 1449 380 1534 iniungatis
403 1448 543 1534 predicto
558 1450 732 1535 presbitero
749 1448 954 1535 penitentiam
971 1449 1152 1531 salutarem,
1168 1470 1204 1512 00
1225 1470 1298 1512 0010

96 1553 164 1639 ipso
190 1553 216 1617 si
243 1553 332 1617 aliud
358 1553 544 1618 canonicum
571 1577 634 1619 non
662 1538 793 1645 obsistat
819 1552 1014 1639 dispensetis.
1069 1552 1138 1621 Vel
1164 1552 1190 1617 si
1215 1551 1299 1616 dicta

95 1657 210 1722 mulier
235 1659 268 1721 in
296 1658 443 1723 manibus
466 1658 580 1724 uestris
607 1668 681 1724 uoto
706 1659 896 1723 continentie
920 1681 952 1722 se
974 1657 1124 1722 astrinxit
1146 1656 1197 1721 uel
1221 1656 1300 1720 uelit

94 1762 269 1848 astringere
290 1770 321 1826 et
334 1762 426 1827 etatis
448 1762 665 1828 testimonium
688 1761 799 1827 reddat
814 1785 882 1826 eam
905 1762 945 1826 de
967 1763 1069 1827 carnis
1092 1761 1217 1826 lubrico
1233 1783 1298 1825 non

94 1876 282 1951 suspectam,
307 1865 450 1931 iniuncta
479 1867 600 1949 clerico,
629 1889 687 1952 pro
713 1889 749 1931 eo
779 1866 865 1952 quod
894 1877 967 1931 ante
997 1866 1106 1931 uxoris
1137 1887 1299 1930 assensum

95 1993 127 2036 se
149 1970 316 2036 ordinibus
338 1971 382 2034 sic
403 1970 519 2056 ligatus
542 1972 682 2056 ingessit,
699 1970 872 2056 penitentia
894 1969 1035 2054 salutari,
1060 1971 1093 2033 in
1118 1970 1300 2034 executione

94 2075 245 2140 ordinum
273 2083 499 2160 susceptorum,
523 2075 586 2140 alio
612 2074 762 2140 canonico
788 2097 854 2139 non
878 2074 1032 2158 obstante,
1056 2073 1300 2160 dispensationis

97 2180 226 2244 ianuam
247 2179 396 2265 aperiatis
419 2178 529 2244 eidem.

602 2421 795 2490 CXXVII.

96 2599 152 2663 Dc
177 2597 337 2664 0000100
360 2617 423 2675 our
445 2598 659 2664 0000001110
674 2617 748 2663 oum
764 2598 931 2666 Vmerus
954 2616 1000 2661 nr
1015 2599 1128 2662 Aulus
1144 2597 1300 2662 Tflocum

514 2702 739 2768 Maoumvrr
762 2720 884 2767 rpsrus.

140 2878 388 2964 Archiepiscopo
403 2877 585 2944 Senonensi.
632 2877 764 2942 Humili
779 2878 872 2942 nobis
886 2916 1018 2927 —
1033 2877 1165 2942 acolitus
1180 2877 1303 2942 confes-

95 2983 184 3048 sione
206 2980 399 3048 monstrauit
421 2981 506 3068 quod
531 3005 602 3046 cum
630 3005 688 3046 uos
712 2981 820 3068 ipsum
847 2981 886 3046 ad
914 2982 1179 3067 presentationem
1206 2979 1302 3046 uestri

98 3096 331 3172 procuratorem
349 3084 394 3174 [l]
411 3086 452 3150 ad
466 3109 570 3152 sacros
583 3086 708 3151 uelletis
723 3086 850 3151 ordines
864 3109 1062 3172 promouere,
1076 3086 1157 3151 idem
1171 3087 1303 3151 asseruit

95 3191 181 3277 quod
204 3213 275 3255 cum
296 3190 421 3276 uirgine
443 3190 579 3277 quadam
599 3200 798 3255 contraxerat
813 3200 844 3255 et
859 3190 994 3254 carnalis
1017 3191 1099 3255 inter
1115 3214 1167 3256 eos
1190 3190 1303 3276 copula

98 3294 193 3359 fuerit
208 3294 382 3378 subsecuta,
398 3303 430 3359 et
451 3317 487 3360 00
510 3295 543 3358 in
566 3295 669 3360 aliena
693 3296 796 3381 patria
818 3281 1000 3377 constituto,
1017 3294 1147 3380 qnidam
1171 3294 1302 3358 clericus

94 3399 225 3464 thorum
250 3398 461 3463 maculauerat
483 3398 634 3480 eiusdem,
660 3422 716 3464 uos
739 3422 870 3463 manum
893 3398 1103 3463 ordinationis
1127 3399 1302 3463 retraxistis

96 3504 136 3568 ab
158 3527 204 3569 eo.
252 3501 358 3579 Quare
380 3502 549 3588 apostolice
572 3503 653 3568 sedis
676 3503 875 3568 clementiam
898 3502 977 3567 adiit
1000 3503 1183 3588 supplicans
1205 3525 1303 3587 super

97 3607 158 3672 hiis
180 3607 247 3671 eius
269 3606 351 3671 sedis
374 3606 574 3693 prouidentia
589 3607 762 3691 subueniri,
779 3631 851 3671 cum
866 3607 908 3671 sit
923 3607 979 3670 illa
994 3607 1120 3671 sublata
1135 3605 1174 3670 de
1197 3604 1301 3670 medio

95 3712 184 3775 cuius
207 3711 366 3776 occasione
387 3711 487 3796 ipsius
510 3710 700 3776 desiderium
725 3712 787 3775 fuit
804 3711 955 3775 hactenus
976 3710 1182 3776 retardatum.
1232 3710 1302 3774 Nos

96 3825 202 3880 autem
224 3814 494 3900 circumspectioni
517 3825 619 3881 uestre
642 3826 698 3881 etc.
723 3825 879 3902 quatenus
901 3817 928 3880 si
952 3825 1023 3900 post
1045 3815 1191 3879 notitiam
1217 3837 1302 3879 com-

98 3919 255 3984 mistionis
284 3919 414 3985 alterius
444 3942 476 3984 se
504 3929 673 3984 memorate
703 3943 767 3984 non
795 3919 992 3983 commiscuit
1019 3919 1144 3983 mulieri
1170 3919 1302 3983 clericus

95 4022 279 4106 antedictus,
295 4031 327 4088 et
342 4024 481 4109 predicta
497 4025 628 4088 ueritate
651 4025 804 4100 nitantur,
820 4047 855 4087 ac
871 4025 899 4087 ei
922 4024 987 4087 uite
1003 4024 1151 4087 meritum
1167 4033 1198 4087 et
1215 4022 1299 4086 fame

96 4128 312 4193 testimonium
336 4127 550 4214 suffragantur
572 4127 722 4213 aliudque
745 4129 932 4193 canonicum
955 4151 1019 4192 non
1045 4128 1176 4192 obsistat
1198 4126 1301 4190 eidem

96 4253 190 4318 super
216 4232 365 4297 ordinum
391 4233 566 4318 receptione
592 4232 742 4296 canonica
769 4233 899 4317 benigni
929 4231 1049 4296 fauoris
1078 4232 1214 4317 gratiam
1242 4232 1302 4293 im-

97 4335 252 4421 pendatis

558 4460 606 4504 011
629 4459 762 4504 nonum.
789 4441 845 4525 (2).

141 4595 301 4682 Episcopo
324 4593 522 4660 Noruicensi.
569 4595 622 4661 W.
638 4594 822 4659 subdiaconi
846 4594 955 4658 latoris
978 4594 1173 4679 presentium
1192 4593 1304 4678 petitio

97 4699 276 4773 continebat
291 4698 376 4785 quod
391 4699 467 4764 olim
484 4700 517 4763 in
537 4699 713 4763 minoribns
735 4698 902 4763 ordinibus
926 4698 1116 4763 constitutus
1143 4697 1304 4783 quandam
