3098 5476
248 536 252 541 ’
331 562 458 614 xo111.
486 565 537 613 nn
565 565 860 614 ansonurmun
888 566 943 614 An
970 565 1216 617 caurnnru.
1311 553 1373 617 103

173 724 304 790 modurn
319 725 524 791 ministranit.
576 723 659 790 Sane
681 748 753 789 cum
769 726 810 790 sit
824 725 1021 790 satisfactum
1036 725 1076 791 de
1098 736 1211 792 mutuo
1226 735 1257 792 et
1272 727 1374 792 eidem

175 828 312 915 predicte
333 829 398 893 sint
417 828 520 894 littere
542 829 695 912 restitute,
713 829 774 894 fuit
796 829 959 894 humiliter
974 830 1170 916 postulatum
1192 831 1254 896 sibi
1278 853 1375 918 super

178 932 405 1019 irregularitate
433 942 592 998 contracta
622 932 835 998 misericordia
872 933 953 999 sedis
990 935 1160 1020 apostolice
1197 936 1372 1002 subueniri.

177 1037 242 1103 Nos
267 1046 374 1102 autem
400 1036 598 1122 prouidentia
623 1047 727 1102 uestre
753 1047 809 1103 etc.
839 1047 995 1124 quatenus
1019 1039 1046 1104 si
1064 1049 1120 1104 cst
1146 1040 1190 1104 ita
1214 1040 1376 1125 prefatum

176 1141 321 1206 abbatem
350 1163 369 1206 a
395 1141 550 1206 sententia
573 1164 670 1227 quarn
694 1164 735 1206 ex
765 1142 926 1227 premissis
956 1142 1092 1208 incurrit
1118 1144 1209 1208 iuxta
1236 1144 1373 1209 formam

175 1244 298 1311 ecclesie
319 1245 492 1311 absoluatis
513 1254 545 1310 et
564 1245 706 1310 iniuncta
728 1246 757 1309 ei
779 1269 838 1332 pro
860 1246 951 1332 culpe
975 1246 1069 1312 modo
1093 1248 1267 1333 penitentia
1288 1271 1376 1314 com-

174 1351 290 1435 petenti
319 1372 356 1414 ac
385 1372 422 1415 eo
450 1348 492 1414 ad
521 1360 645 1435 tempus
675 1359 770 1435 prout
800 1350 948 1435 expedire
977 1350 1127 1416 uideretis
1157 1375 1177 1417 a
1202 1353 1252 1417 sui
1278 1351 1374 1418 officii

176 1453 356 1519 executione
378 1474 539 1539 suspenso,
561 1453 690 1518 demum
713 1454 740 1519 si
767 1452 856 1518 aliud
883 1455 1069 1520 canonicum
1091 1478 1156 1520 non
1180 1456 1312 1522 obsistat
1332 1456 1374 1520 ad

175 1557 416 1644 dispensationis
437 1558 571 1644 gratiam
596 1557 781 1623 admittatis.

632 1768 681 1814 nn
703 1768 836 1815 nonan.
861 1750 919 1838 (2).

214 1926 257 1990 A.
288 1922 389 2011 priori
419 1924 651 2010 predicatorum
685 1926 927 1990 carnotensium.
999 1963 1131 1975 —-—
1160 1926 1298 1993 Abbatis
1335 1926 1375 1993 de

174 2027 330 2113 Josaphat
345 2027 466 2093 ordinis
488 2027 519 2095 S.
535 2029 698 2093 Benedicti
713 2030 906 2095 carnotensis
920 2029 1051 2096 diocesis
1066 2030 1177 2116 petitio
1192 2030 1375 2097 continebat

174 2132 255 2218 quod
284 2133 352 2218 ipse
377 2132 567 2218 quibusdam
595 2132 756 2198 nobilibus
780 2134 1006 2199 monasterium
1032 2157 1124 2199 suum
1150 2134 1275 2200 illesum
1301 2159 1373 2222 pro-

173 2236 370 2302 mittentibus
392 2259 575 2302 conseruare
589 2237 740 2303 concessit
754 2237 875 2302 litteras
894 2237 935 2302 ad
958 2247 1108 2303 mutuum
1122 2239 1372 2304 contrahendum

172 2340 284 2406 timore
307 2341 530 2427 potiusquam
554 2364 671 2420 amore,
694 2352 724 2406 et
749 2340 878 2428 ignarus
902 2342 1133 2408 constitutionis
1158 2343 1240 2409 edite
1263 2353 1374 2409 contra

173 2444 249 2510 tales
271 2445 395 2531 aliquos
417 2445 533 2531 recepit
547 2446 580 2509 in
601 2445 782 2525 monachos,
799 2445 990 2532 quibusdam
1006 2469 1123 2512 munus
1145 2447 1374 2514 benedictionis

172 2547 337 2635 impendit,
353 2549 514 2635 aliquibus
535 2549 656 2615 clericis
678 2549 828 2614 beneficia
842 2549 986 2633 eontulit,
1002 2573 1038 2615 ac
1061 2550 1094 2614 in
1117 2551 1183 2616 suis
1205 2551 1372 2618 ordinibus

174 2653 376 2718 ministrauit.
431 2652 493 2718 Sed
523 2653 631 2718 statim
655 2676 728 2718 cum
754 2654 1130 2720 noticia'constitutionis
1159 2656 1305 2741 peruenit
1331 2657 1371 2722 ad

172 2779 243 2822 eum
263 2780 284 2822 a
305 2755 521 2844 predictorum
542 2758 725 2824 executione
746 2759 887 2823 cessauit.
934 2757 1037 2844 Super
1059 2760 1176 2845 quibus
1199 2769 1255 2827 etc.
1302 2761 1372 2827 Nos

172 2862 268 2948 igitur
282 2873 338 2928 etc.
355 2883 453 2947 usque
475 2871 630 2947 quatenus
651 2862 793 2928 iniuncta
815 2862 956 2949 predicto
976 2863 1084 2928 abbati
1100 2864 1274 2950 penitentia
1288 2874 1320 2930 et
1335 2887 1373 2930 eo

173 2966 210 3031 ad
236 2977 364 3051 tempus
387 2975 444 3030 etc.
466 2988 565 3052 usque
590 2965 719 3031 tandem
745 2990 816 3031 cum
841 2977 958 3032 cessate
985 2967 1104 3032 fuerint
1129 2968 1243 3053 littere,
1259 2979 1372 3035 mutuo

173 3069 342 3157 persoluto,
366 3070 470 3156 ipsum
504 3071 531 3135 si
560 3069 649 3135 aliud
679 3071 866 3136 canonicum
891 3094 954 3136 non
981 3071 1114 3137 obsistat
1137 3083 1234 3158 prout
1258 3073 1373 3138 melius

172 3174 320 3241 conuenit
341 3173 489 3259 expedire
510 3174 550 3239 ad
572 3174 815 3260 dispensationis
837 3175 972 3262 gratiam
996 3175 1196 3241 admittatis.l

645 3371 896 3378 ———-—--—

703 3504 840 3574 XCIII.

257 3696 316 3762 Dn
338 3697 603 3764 Ansonurmrus
626 3698 825 3763 Bnnnmoro
849 3698 1028 3762 Pannonis
1051 3698 1212 3764 IurnNso
1234 3718 1285 3763 an

661 3804 875 3868 Gauranum

212 3977 461 4063 Archiepiscopo
473 3977 730 4064 Rothomagensi.
766 3976 969 4043 Venerabilis
981 3979 1080 4064 patris
1090 4015 1223 4027 —
1233 3980 1369 4066 episcopi

171 4079 313 4167 Sagiensi
335 4080 488 4146 confessio
510 4082 691 4147 continebat
713 4081 798 4168 quod
814 4119 945 4130 —
959 4080 999 4146 de
1013 4119 1145 4131 --
1159 4083 1370 4168 presbiterum

202 4272 261 4326 ¹0r
276 4274 324 4326 the
340 4290 482 4326 numerous
498 4275 682 4327 constitutions
701 4275 804 4341 against
821 4293 901 4341 usury
919 4275 948 4325 in
966 4275 1002 4326 all
1020 4275 1055 4326 its
1072 4276 1153 4327 forms
1172 4275 1259 4327 issued
1275 4276 1310 4342 by
1322 4277 1369 4328 the

170 4356 278 4410 Church
295 4357 310 4409 I
327 4365 424 4409 cannot
441 4357 554 4424 identify
566 4376 618 4424 any
630 4376 680 4411 one
698 4358 840 4425 especially
857 4376 885 4410 as
903 4358 1018 4411 referred
1036 4366 1063 4410 to
1081 4358 1110 4409 in
1127 4359 1174 4411 the
1191 4359 1274 4410 above
1291 4377 1368 4412 cases.

169 4440 195 4492 It
212 4458 295 4493 seems
311 4440 438 4507 probable
455 4442 579 4493 however
595 4443 655 4493 that
670 4443 716 4494 the
734 4443 869 4494 Decretals
884 4443 914 4493 of
929 4441 1051 4508 Gregory
1063 4442 1113 4493 IX.
1126 4442 1251 4494 collected
1269 4442 1304 4508 by
1316 4442 1368 4494 Ra·

169 4541 230 4576 mon
251 4523 285 4576 de
304 4524 430 4576 Penalort
447 4525 476 4575 in
496 4526 568 4590 1234,
588 4525 617 4576 in
637 4526 726 4578 which
746 4526 804 4576 Lib.
824 4541 851 4577 v.
872 4526 924 4576 Tit.
944 4524 1002 4576 xix.
1017 4525 1040 4576 is
1057 4525 1169 4576 devoted
1188 4536 1215 4576 to
1236 4525 1290 4576 this
1310 4526 1369 4577 sub-

165 4606 226 4672 ject,
240 4625 301 4673 may
313 4608 383 4658 have
401 4607 491 4659 drawn
503 4609 575 4660 fresh
588 4609 718 4661 attention
730 4617 757 4660 to
769 4609 816 4660 the
828 4608 1007 4674 prohibitione
1023 4608 1075 4659 and
1087 4607 1159 4660 their
1169 4608 1298 4674 penalties
1316 4608 1367 4661 and

169 4691 231 4743 thus
243 4691 313 4744 have
325 4691 419 4743 caused
431 4693 478 4744 the
489 4693 605 4758 scruples
617 4694 647 4744 of
661 4692 812 4745 conscience
824 4693 853 4743 of
867 4692 940 4744 these
953 4691 1057 4758 worthy
1069 4691 1167 4743 abbots.
