3098 5476
497 502 544 566 11,
574 503 642 551 111.
671 503 721 550 DE
749 502 942 551 sYuonln
971 504 1060 552 E'l'c.

759 783 810 854 ΙΙ.

554 992 610 1055 Dn
633 991 801 1056 Srnoum
826 992 1010 1058 urrunnu.

225 1183 349 1248 Abbati
371 1182 420 1253 de,
434 1182 536 1266 Orta,¹
553 1183 854 1249 Prenronstmtensis
876 1184 1006 1250 ordinis.
1053 1185 1206 1251 Porrecta
1230 1187 1320 1252 nobis
1339 1210 1371 1252 ex

180 1300 268 1373 parte
299 1295 402 1352 uestra
432 1288 541 1373 petitio
570 1288 750 1352 mutinebat
784 1288 868 1375 quod
901 1289 1032 1375 quidam
1064 1291 1252 1355 monasterii
1286 1294 1371 1357 uestri

178 1392 318 1457 canonici
343 1401 374 1455 et
396 1392 539 1455 conuersi
564 1391 635 1455 licet
659 1401 820 1456 contractu
848 1394 1002 1478 pactionis
1028 1393 1080 1458 uel
1106 1394 1303 1461 conditionis
1327 1419 1371 1461 ex·

178 1519 282 1581 presse
299 1506 404 1560 notam
421 1519 453 1560 so
469 1495 635 1559 incurrisse
650 1520 713 1560 non
730 1508 876 1582 reputent
891 1499 1044 1582 symonis,
1060 1510 1261 1564 contractum
1276 1510 1370 1565 tamen

179 1610 325 1686 reputant
346 1600 518 1665 afflctionis
537 1600 667 1683 occulto,
689 1601 764 1686 quia
783 1625 1012 1687 nonnunquam
1035 1602 1121 1688 quod
1146 1606 1298 1689 symonia
1317 1627 1370 1670 non

177 1716 300 1769 arcusat
324 1706 356 1768 in
380 1705 507 1790 publico
534 1705 679 1769 mentalis
705 1706 735 1768 in
763 1704 871 1769 abdito
897 1729 959 1770 non
985 1715 1124 1771 excusat.
1183 1707 1292 1796 Super
1316 1732 1371 1795 quo

178 1809 336 1894 prouideri
360 1810 404 1873 cis
424 1809 463 1873 de
484 1809 624 1894 ipsorum
646 1810 746 1874 salute
766 1809 920 1874 sollicitus
940 1811 1151 1897 supplicastis.
1199 1814 1291 1892 Quia
1307 1836 1372 1878 uero

176 1914 275 1998 digna
303 1925 349 1978 ost
379 1914 497 1978 fauoris
527 1914 744 1999 prosecutione
774 1914 893 1999 religio,
921 1915 1115 1980 consulimus
1145 1927 1308 2003 quatenns
1334 1918 1372 1983 sic

176 2020 257 2081 circa
278 2018 356 2082 tales
376 2027 521 2104 corrupte
542 2019 656 2082 mentis
676 2019 823 2083 ati'mtum
843 2018 1000 2104 condigna
1019 2019 1194 2105 penitentia
1213 2023 1327 2107 puniat
1339 2021 1372 2086 de

176 2123 318 2208 ingressu
341 2122 428 2210 quod
450 2122 489 2187 ad
514 2145 671 2208 egressum
696 2123 809 2207 rigoris
831 2123 983 2208 asperitas
1006 2146 1068 2189 non
1092 2125 1277 2210 compellat.

650 2353 899 2362 ———-

738 2523 805 2588 ΙΙΙ.

423 2734 478 2797 Dn
501 2733 669 2799 Sunoxm
695 2734 876 2799 Conurssn
901 2752 940 2797 ru
964 2733 1119 2798 Onnrun.

213 2929 374 3018 Episcopo
388 2967 528 2994 --.
575 2926 696 2991 Audita
717 2925 910 2990 confossione
929 2925 1038 2990 latoris
1056 2925 1253 3010 presentium
1270 2927 1371 3013 ipsum

170 3038 351 3102 executione
374 3031 572 3099 sacerdotalis
595 3030 689 3096 officii
708 3029 793 3117 quod
811 3029 892 3093 nrale
915 3029 1051 3115 suscepit
1068 3028 1223 3094 duximus
1246 3054 1374 3118 suspen·

169 3141 320 3223 dendum‚
339 3139 523 3203 auctoritate
546 3135 668 3200 domini
692 3158 772 3220 pape
794 3144 863 3215 otc,
880 3143 1034 3219 quatenus
1056 3142 1226 3219 postquam
1251 3146 1372 3200 reatum

170 3269 264 3310 suum
288 3242 460 3330 penitentia
475 3239 633 3324 condigna
657 3239 842 3324 purgauerit
857 3239 963 3322 ipsum
979 3237 1013 3301 in
1028 3237 1213 3302 executione
1235 3239 1372 3305 aliorum

170 3350 319 3415 ordinum
349 3370 428 3434 quos
459 3346 518 3409 rito
548 3344 684 3429 suscepit
709 3344 736 3407 si
763 3344 830 3407 cius
860 3342 956 3406 saluti
984 3351 1015 3406 et·
1046 3341 1183 3427 regulari
1215 3343 1373 3410 honestati

170 3453 319 3541 expedire
335 3451 478 3515 uideritis
494 3472 549 3535 per
564 3448 808 3533 dispensationis
823 3447 957 3532 gratiam
974 3446 1161 3512 admittatis

630 3728 677 3771 on
701 3726 832 3772 nonan.
858 3707 915 3791 (2).

218 3908 376 3993 Episcopo
390 3943 531 3968 —.
577 3901 699 3966 Audita
714 3899 908 3965 confessione
919 3939 1050 3949 —
1061 3901 1258 3984 presentium
1275 3905 1375 3989 porti.

173 4023 277 4079 torum
293 4011 377 4096 ipsos
400 4032 418 4073 a
441 4030 601 4073 sacrorum
624 4006 773 4070 ordinum
788 4028 868 4092 quos
889 4006 970 4069 male
989 4013 1169 4089 receperant
1188 4009 1377 4074 executione

174 4114 395 4202 suspendimus
418 4113 602 4178 auctoritate
624 4109 744 4176 domini
765 4132 846 4194 pape
868 4119 925 4174 otc.
954 4117 1109 4195 quatenus
1132 4118 1304 4197 postquam
1329 4137 1376 4178 re-

174 4231 261 4287 atum
277 4242 370 4284 suum
392 4216 602 4282 satisfactione
621 4213 777 4300 condigna
800 4215 1007 4300 purgauerint
1022 4212 1106 4299 ipsos
1129 4213 1162 4276 in
1188 4218 1376 4284 executione

175 4327 333 4390 minorum
365 4324 390 4387 si
422 4344 529 4387 eorum
560 4320 655 4385 saluti
685 4318 832 4404 expedire
863 4317 1016 4398 uideritis,
1041 4339 1097 4402 per
1126 4316 1376 4404 dispensationis

174 4431 308 4516 gratiam
333 4427 510 4491 dimittatis.

396 4625 400 4631 ’
465 4634 472 4664 ¹
486 4636 556 4699 Orto,
568 4651 603 4685 on
617 4634 662 4685 the
674 4633 760 4697 Tiber,
773 4642 820 4683 not
831 4633 873 4683 fur
884 4633 951 4683 from
965 4632 1084 4683 Viterbo.
