3098 5476
395 224 475 290 nv„
504 223 591 274 uvr.
619 225 669 272 nu
697 222 1160 272 nxoonnuuroarroun.
1340 205 1382 272 73

168 382 411 449 nichilominus
426 382 461 446 in
472 381 599 448 eisdem.
634 382 718 447 Cum
729 391 836 446 autem
847 381 888 445 ab
903 380 1227 446 excommunicatione
1241 380 1283 445 sit
1294 380 1386 445 iuxta

172 487 320 554 formam
341 487 467 552 ecclesie
484 487 648 552 absolutus
665 509 761 572 super
776 485 1007 570 irregularitate
1022 507 1118 572 quam
1135 484 1208 549 inde
1223 494 1384 551 contraxs·

173 601 232 657 rat
254 591 317 657 sibi
339 590 438 678 petiit·
453 614 493 657 ex
515 589 759 677 dispensationis
781 590 882 676 gratia
905 590 1079 655 subueniri.
1126 589 1196 655 Nos
1220 599 1325 654 autem
1346 611 1386 653 ex

176 695 294 761 fauore
317 695 374 782 qui
398 695 544 781 religioni
569 694 701 760 debetur
722 694 903 760 discretioni
928 703 1031 760 uestre
1053 694 1239 760 auctoritate
1263 693 1386 759 domini

175 823 264 888 pape
279 798 508 865 committimus
523 807 679 886 quatenus
694 799 836 864 iniuncta
851 799 880 863 ei
898 807 954 866 etc.
970 821 1069 885 usque
1085 821 1244 884 suspenso.
1291 796 1387 863 Post-

180 903 317 970 modum
333 904 361 970 si
383 904 455 969 talis
477 904 618 970 extiterit
633 903 717 990 quod
732 903 975 990 dispensationis
990 903 1125 989 gratiam
1142 913 1298 968 mereatur
1313 925 1386 968 cum

181 1009 255 1096 ipso
270 1031 368 1094 super
381 1007 530 1094 predictis
546 1007 789 1073 misericorditer
804 1007 1000 1094 dispensetis.

844 1112 860 1139 0

750 1338 828 1408 LV.

315 1514 374 1580 Ι)Ε
396 1534 441 1580 no
463 1534 527 1592 cur
550 1516 716 1581 Dusrrar
738 1516 873 1582 Uraun
897 1533 950 1580 srr
973 1516 1184 1580 Assonurus
1207 1534 1255 1580 AB

593 1619 981 1686 Exoonuuurcarrouu.

231 1793 358 1860 Abbati
380 1795 589 1861 Bellilocensi.
635 1796 689 1860 Ex
707 1795 901 1862 confessione
915 1797 947 1861 J.
963 1796 1128 1882 presbiteri
1152 1795 1296 1860 monachi
1321 1818 1388 1861 mo-

189 1898 318 1964 nasterii
340 1899 438 1964 uestri
452 1901 648 1986 presentium
662 1901 772 1966 latoris
794 1901 970 1986 accepimus
985 1899 1070 1986 quod
1093 1901 1159 1986 ipse
1179 1900 1213 1964 in
1229 1899 1388 1986 quendam

189 2002 399 2090 presbiterum
421 2005 478 2091 qui
501 2005 562 2070 sibi
586 2005 813 2071 contumeliosa
834 2004 958 2070 dixerat
980 2005 1076 2070 uerba
1099 2005 1181 2069 circa
1203 2003 1388 2069 effusionem

140 2116 143 2123 '
189 2106 354 2193 sanguinis
369 2130 482 2174 manus
498 2109 652 2175 uiolentas
667 2109 783 2193 iniecit,
794 2118 825 2174 et
836 2109 912 2196 quia
922 2146 1054 2158 --
1067 2110 1156 2195 prior
1170 2130 1247 2173 suus
1262 2130 1389 2194 presens

190 2235 255 2278 non
269 2220 345 2296 erat,
361 2213 402 2277 ad
418 2213 575 2300 quendam
592 2214 722 2279 fratrem
736 2214 836 2301 ipsius
851 2214 972 2279 ordinis
987 2213 1243 2300 penitentiarium
1258 2249 1390 2262 —-

190 2316 327 2402 episcopi
344 2317 585 2404 Andegauensis
606 2319 753 2384 accedens
775 2319 836 2384 sibi
859 2319 916 2383 hec
930 2328 962 2384 et
976 2319 1039 2383 alia
1054 2318 1115 2382 fuit
1131 2316 1310 2382 confessus:
1334 2317 1390 2404 qui

191 2421 257 2486 eius
279 2420 388 2486 audita
410 2422 604 2488 confessione
630 2424 712 2488 circa
738 2425 843 2509 ipsum
870 2423 1078 2488 absolutionis
1105 2445 1180 2487 usus
1206 2433 1253 2486 est
1278 2421 1389 2486 forma.

192 2524 259 2603 Qui
282 2524 322 2590 de
339 2526 396 2590 tali
420 2527 506 2593 facto
520 2528 655 2592 confisus
677 2527 788 2593 diuina
804 2529 942 2592 misteria
965 2527 1144 2592 celebrauit.
1190 2526 1318 2594 Verum
1336 2548 1392 2590 uos

191 2628 393 2716 postmodum
409 2630 589 2696 dubitantes
604 2655 646 2696 an
661 2632 764 2698 dictus
782 2632 880 2697 frater
895 2633 1056 2718 premissis
1078 2630 1190 2697 habuit
1205 2640 1391 2716 potestatem

193 2745 221 2798 et
247 2735 395 2800 timentes
421 2758 461 2801 ne
491 2735 575 2801 idem
606 2737 778 2802 monachus
804 2747 912 2801 notam
939 2736 1182 2822 irregularitatis
1212 2735 1390 2817 incurrerit,

194 2838 298 2923 ipsum
313 2838 354 2902 ad
376 2839 480 2904 sedem
504 2841 707 2926 apostolicam
731 2841 920 2906 destinastis.
967 2840 1054 2919 Quia
1070 2863 1145 2904 uero
1161 2840 1194 2903 in
1210 2838 1316 2902 dubiis
1339 2839 1392 2902 uia

193 2951 238 3008 est
253 2943 397 3029 eligenda
419 2947 556 3010 securior
571 2945 730 3031 prefatum
746 2946 836 3010 iuxta
858 2945 993 3011 formam
1017 2945 1141 3009 ecclesie
1163 2943 1315 3008 duximus
1337 2943 1392 3006 ab-

194 3047 381 3113 soluendum
397 3059 428 3114 et
439 3049 480 3114 ad
496 3073 554 3115 uos
570 3051 760 3115 remittimus
775 3049 958 3115 absolutum
973 3051 1158 3114 auctoritate
1173 3047 1295 3112 domini
1311 3069 1393 3132 pape

194 3162 249 3217 etc.
266 3162 422 3239 quatenus
437 3154 580 3220 iniuncta
595 3154 623 3219 ei
639 3165 696 3219 etc.
716 3177 815 3241 usque
830 3155 1015 3220 admittatis.

219 3662 276 3726 Du
300 3662 430 3727 Eonsu
453 3682 498 3727 nr
521 3683 569 3727 ns
593 3683 637 3729 so
661 3684 723 3740 qur
748 3665 1012 3728 Pnnrrorravrr
1035 3663 1371 3726 Excouuuuroarrs.

238 3837 398 3924 Episcopo
411 3875 552 3902 —.
599 3840 653 3904 Ex
668 3839 861 3905 confessione
875 3877 1007 3887 —
1022 3836 1187 3924 presbiteri
1201 3835 1394 3922 presentium

195 3941 305 4009 latoris
319 3945 495 4029 accepimus
510 3944 595 4030 quod
612 3944 694 4009 idem
705 3946 782 4011 olim
799 3946 832 4009 in
844 3944 998 4031 quosdam
1014 3942 1140 4008 clericos
1156 3940 1268 4005 leniter
1280 3961 1393 4003 manus

195 4047 349 4113 uiolentas
362 4047 482 4113 iniecit:
498 4049 702 4136 participauit
713 4049 991 4115 excommunicatis
1003 4047 1163 4134 aliquibus
1175 4067 1238 4109 nou
1251 4067 1291 4108 ex
1304 4043 1392 4107 mali-

194 4151 238 4216 tia
254 4151 305 4217 uel
320 4159 517 4239 contemptu,
528 4164 559 4219 et
573 4154 782 4220 absolutionis
796 4153 911 4220 exinde
926 4151 1078 4217 beneficio
1090 4173 1152 4215 non
1165 4150 1303 4230 obtentu,
1320 4170 1392 4211 cum

195 4279 258 4322 non
274 4257 413 4323 crederet
427 4281 459 4323 se
475 4259 574 4322 teneri
590 4259 668 4324 iuris
683 4261 822 4345 ignarus,
838 4258 949 4323 diuina
965 4256 1067 4322 officia
1081 4253 1261 4319 celebrauit.
1308 4251 1390 4318 Cum

195 4373 301 4428 autem
324 4363 482 4429 intellexit
504 4386 648 4448 processu
673 4365 823 4450 temporis
846 4386 878 4428 se
901 4363 935 4426 in
958 4362 1020 4425 hiis
1041 4348 1210 4445 deliquisse
1232 4380 1251 4421 a
1273 4356 1393 4421 diuinis

785 4470 800 4519 6
