3098 5476
177 473 218 537 32
256 489 368 539 XXII.
397 490 447 537 DE
477 489 971 540 nnrlnerroxnexxrlr.
996 491 1046 538 Da
1074 490 1367 542 metranlonn.

714 752 840 819 XXII.

177 929 235 993 Dn
261 946 306 992 no
333 946 395 1004 cm
422 926 595 992 Mummr
619 927 794 1005 Aaronem
822 948 866 993 nr
893 947 967 993 uon
994 929 1130 994 Pornsn
1152 929 1310 999 Vernus
1331 951 1374 996 10

697 1032 854 1098 Osann.

220 1207 381 1295 Episcopo
395 1207 550 1294 Aquensi.
598 1206 749 1272 Gaufridi
770 1207 892 1273 Sicardi
911 1208 993 1294 layci
1008 1217 1112 1274 uestre
1126 1208 1264 1276 diocesis
1279 1219 1377 1276 trans-

176 1313 271 1377 missa
286 1313 396 1398 petitio
413 1312 594 1376 continebat
609 1311 696 1397 quod
717 1334 788 1376 cum
805 1313 845 1376 Β.
862 1313 979 1378 sororis
1001 1336 1056 1378 sue
1074 1314 1233 1399 presbiter
1248 1314 1377 1402 qnidam

176 1418 286 1483 florem
309 1415 460 1502 pudicitie
482 1424 698 1502 attemptasset
713 1425 744 1481 et
759 1417 822 1481 iuri
844 1417 1039 1503 uirginitatis
1062 1418 1221 1484 iniurians
1243 1419 1378 1485 claustra

176 1521 306 1608 pudoris
321 1531 437 1586 temere
452 1520 640 1606 infregisset,
656 1521 699 1587 R.
717 1521 814 1586 frater
829 1544 905 1586 suus
927 1522 1028 1588 maior
1043 1531 1120 1588 natu
1136 1522 1300 1589 adiunctis
1321 1523 1377 1589 sibi

174 1625 366 1714 quibusdam
380 1625 452 1690 aliis
467 1624 589 1690 dictum
603 1627 686 1711 cepit
700 1626 911 1712 presbiterum
926 1637 956 1691 et
971 1650 1008 1693 eo
1023 1635 1176 1713 presente,
1191 1650 1259 1694 non
1276 1638 1376 1693 tamen

174 1754 264 1818 opem
287 1741 343 1796 aut
363 1753 491 1817 operam
513 1729 716 1817 impendente
738 1732 886 1817 quamuis
907 1731 1006 1817 ipsius
1029 1733 1172 1796 animum
1198 1735 1376 1799 communis

170 1835 289 1902 doloris
312 1843 436 1920 urgeret
451 1835 587 1918 aculeus,
605 1835 638 1898 in
652 1835 801 1920 pudenda
823 1834 912 1900 illius
935 1836 1131 1922 impudentis
1155 1837 1294 1922 insiluit,
1312 1838 1375 1903 illis

173 2068 246 2111 cum
270 2044 319 2108 illi
346 2045 387 2109 sit
411 2043 523 2108 medici
547 2067 622 2108 cura
645 2043 837 2109 subuentum
861 2054 892 2109 et
910 2044 1014 2111 dictus
1038 2045 1079 2111 G.
1095 2045 1179 2111 sicut
1200 2047 1377 2134 accepimus

172 2158 302 2237 propter
324 2149 421 2213 nimie
447 2149 642 2235 paupertatis
669 2149 869 2215 incommoda
892 2172 955 2215 non
978 2150 1078 2237 possit
1100 2149 1142 2215 ad
1169 2151 1377 2237 apostolicam

169 2253 275 2322 sedem
290 2252 432 2318 accedere
447 2253 657 2318 absoluendus
671 2254 806 2338 petitum
822 2262 868 2319 est
882 2254 1046 2319 humiliter
1056 2254 1084 2320 ei
1100 2277 1195 2340 super
1212 2256 1375 2340 premissis

172 2359 211 2425 de
226 2358 327 2445 ipsius
350 2356 562 2422 misericordia
585 2358 758 2423 subueniri.
804 2358 873 2423 Nos
894 2367 998 2423 autem
1015 2359 1185 2444 prudentie
1201 2370 1309 2425 uestre
1323 2370 1376 2426 etc·

173 2473 328 2552 quatenus
343 2461 370 2527 si
386 2472 433 2527 est
448 2463 491 2526 ita
507 2461 665 2548 prefatum
678 2454 809 2512 -’-
824 2472 992 2549 postquam
1008 2464 1157 2528 iniuriam
1174 2486 1270 2550 passo
1286 2464 1377 2530 satis·

173 2568 280 2634 fecerit
294 2576 516 2652 competenter,
533 2567 623 2631 iuxta
639 2566 774 2631 formam
796 2567 921 2631 ecclesie
943 2567 1116 2633 absoluatis
1138 2578 1170 2634 et
1186 2569 1334 2634 iniuncta
1349 2570 1377 2634 ei

174 2696 232 2759 pro
254 2672 347 2758 culpe
369 2670 463 2736 modo
486 2671 658 2757 penitentia
676 2672 865 2756 competenti
888 2672 1045 2737 mandet-is
1066 2672 1169 2737 eidem
1189 2673 1251 2739 snb
1272 2673 1377 2739 debito

175 2776 343 2842 iuramenti
358 2785 395 2840 ut
410 2798 481 2839 cum
498 2775 539 2839 ad
563 2775 722 2841 fortunam
747 2776 947 2862 pinguiorem
971 2775 1133 2842 deuenerit
1148 2777 1275 2844 domini
1298 2801 1378 2865 pape

174 2880 225 2947 uel
241 2881 309 2946 eius
325 2880 420 2966 legati
435 2880 616 2965 conspectui
631 2903 664 2945 se
680 2890 847 2966 presentet.

705 3194 851 3258 XXIII.

327 3372 384 3435 Da
407 3390 451 3436 no
474 3391 537 3447 our
561 3371 711 3434 Incrrxr
734 3373 905 3447 Aaronem
929 3390 979 3433 110
1002 3371 1228 3439 Vrnnrcmn.

223 3548 382 3634 Episcopo
411 3545 647 3612 Olonarclensi¹.
693 3546 746 3609 Ex
773 3555 863 3632 parte
889 3555 945 3611 tua
971 3556 1114 3632 porrecta
1140 3547 1273 3613 domino
1300 3571 1379 3634 pape

178 3653 289 3739 petitio
312 3651 493 3717 continebat
517 3650 600 3736 quod
626 3673 698 3714 cum
724 3649 801 3715 olim
825 3650 953 3736 quidam
980 3651 1164 3716 malefactor
1187 3651 1229 3716 ob
1252 3652 1377 3740 culpam

179 3780 270 3823 suam
296 3756 422 3842 capituli
453 3756 608 3820 sententia
638 3755 733 3819 morti
763 3754 917 3838 addictus,
943 3754 983 3819 ad
1014 3755 1118 3820 locum
1148 3776 1215 3842 quo
1246 3755 1379 3823 debebat

179 3860 273 3947 plecti
289 3861 390 3946 capite
404 3859 580 3940 duceretur,
598 3869 633 3924 tu
653 3860 790 3946 simplex
805 3859 936 3924 clericus
950 3868 1028 3924 tuno
1042 3860 1190 3942 existens,
1206 3860 1279 3927 uiso
1294 3861 1378 3949 quod

180 3965 311 4053 quidam
333 3967 372 4028 de
394 3964 569 4029 astantibus
592 3964 719 4028 nolebat
741 3965 820 4029 alios
841 3963 939 4050 sequi,
964 3964 1080 4050 quibus
1103 3965 1259 4051 puniendi
1283 3966 1379 4031 male-

181 4070 331 4134 factorem
354 4079 420 4133 erat
438 4069 580 4133 executio
603 4068 801 4149 demandata,
819 4068 911 4153 uirga
933 4091 1028 4153 quam
1052 4091 1148 4133 manu
1171 4070 1318 4155 gestabas
1339 4069 1378 4135 ad

180 4174 239 4239 hoc
255 4173 389 4238 eundem
406 4173 541 4237 excitare
556 4174 681 4254 curasti,
697 4172 803 4238 dicens
820 4182 855 4237 tu
870 4196 935 4237 non
950 4173 1000 4237 uis
1015 4173 1094 4238 alios
1116 4174 1215 4259 sequi,
1232 4175 1288 4260 qui
1309 4175 1379 4239 licet

180 4279 349 4344 seruientes
373 4277 452 4342 alios
475 4276 571 4341 fuerit
594 4278 627 4340 in
651 4277 709 4341 hoc
732 4276 814 4342 facto
839 4288 973 4358 secutus,
997 4277 1074 4362 quid
1099 4286 1204 4342 tamen
1227 4301 1285 4364 per
1308 4301 1378 4343 eum

179 4383 260 4448 circa
275 4382 448 4447 uindictam
465 4380 673 4447 malefactoris
691 4391 779 4446 actus
795 4381 888 4446 fucrit
904 4391 934 4445 te
949 4382 1061 4446 asseris
1076 4381 1231 4468 ignorare.
1277 4382 1378 4470 Super

214 4559 302 4611 1This
320 4559 469 4625 episcopato
487 4577 548 4625 may
568 4558 600 4609 be
618 4558 705 4609 either
725 4558 784 4609 that
802 4559 832 4608 01
854 4558 960 4624 Cloyne‚
977 4558 1006 4608 in
1024 4558 1070 4610 the
1087 4558 1213 4624 province
1230 4559 1261 4610 01
1276 4559 1376 4623 Cashel,

180 4661 210 4695 or
228 4645 257 4694 01
272 4644 392 4695 Clonfert
409 4643 437 4693 in
455 4643 515 4694 that
531 4643 561 4693 of
575 4643 667 4706 Tuam,
686 4659 716 4692 or
734 4642 818 4693 Cluan
836 4642 865 4692 in
883 4642 942 4693 that
959 4642 989 4692 01
1004 4641 1133 4708 Armagh.
