3098 5476
266 553 331 619 102
465 569 571 618 xcrr.
600 571 650 616 us
680 569 824 618 norro
852 569 1187 622 corrosanum.

265 729 404 807 obtento,
416 728 551 815 quedam
568 729 691 794 minuta
706 728 791 794 ultra
806 730 964 815 prefixum
979 739 1103 815 tempus
1119 730 1259 813 retinuit,
1270 739 1301 795 et
1315 739 1392 796 ante
1415 731 1472 795 ab·

265 832 454 898 solutionem
470 833 631 898 obtentam
651 833 685 896 in
703 834 768 898 suis
790 832 956 898 ordinibus
979 834 1183 899 ministrauit.
1231 833 1336 921 Super
1351 835 1472 920 quibus

265 937 429 1002 humiliter
453 937 546 1023 petiit
571 948 628 1002 etc.
686 936 756 1003 Nos
786 946 891 1001 autem
917 948 973 1004 ete.
1000 947 1157 1023 quatenus
1186 947 1358 1025 postquam
1385 938 1473 1003 idem

264 1079 396 1092 —-
433 1041 521 1126 prior
550 1050 763 1127 competenter
792 1040 978 1106 satisfecerit
1007 1041 1047 1106 de
1076 1043 1205 1108 retentis
1242 1051 1274 1107 et
1303 1042 1472 1108 absolutus

266 1145 393 1210 firerita
409 1145 563 1210 sententia
580 1154 761 1228 memorata,
778 1145 921 1209 iniuncta
943 1146 969 1210 ei
994 1168 1053 1231 pro
1068 1145 1161 1231 culpe
1179 1145 1275 1212 modo
1291 1147 1472 1232 penitentia

265 1250 454 1336 competenti
476 1258 532 1315 etc.
554 1272 655 1336 usque
676 1249 824 1336 expedire
847 1249 991 1315 uideritis
1013 1259 1044 1315 et
1066 1251 1306 1316 ecclesiasticam
1329 1253 1474 1319 decuerit

266 1353 472 1419 honestatem.

727 1476 775 1521 ns
798 1476 930 1524 nonan.
955 1458 1012 1544 (2).

309 1613 444 1681 Vicario
459 1611 686 1681 Vlixbonensi.
734 1610 766 1680 S.
783 1612 852 1677 Pel.
869 1612 909 1677 de
927 1612 1038 1678 Abuil.
1059 1613 1214 1699 presbiter
1237 1614 1318 1679 lator
1341 1637 1477 1700 preses«

266 1717 350 1780 tium
364 1716 480 1780 humili
502 1717 595 1781 nobis
610 1716 805 1781 confessione
821 1717 1010 1782 monstrauit
1026 1715 1112 1803 quod
1127 1740 1200 1782 oum
1215 1718 1293 1783 olim
1308 1719 1477 1784 occasione·

265 1820 477 1886 controuersie
513 1842 575 1906 que
599 1821 681 1884 inter
710 1859 841 1870 —-
873 1820 995 1906 Regem
1026 1821 1290 1907 Portugalensem
1322 1833 1355 1887 et
1388 1823 1470 1888 bone

266 1925 416 1989 memorie
442 1924 695 1992 Vlixbonensem
727 1925 907 2010 episcopum
933 1925 1128 2008 uertebatur‚
1146 1925 1213 1990 loca
1239 1925 1280 1990 ad
1305 1949 1367 2012 que
1395 1926 1469 1993 Rex

265 2027 350 2093 idem
382 2027 538 2092 accederet
525 2038 628 2114 tper
662 2028 870 2093 uenerabilem
906 2039 1028 2114 patrem
1059 2029 1249 2094 Auriensem
1284 2031 1474 2117 episcopum

265 2133 394 2218 eiusque
419 2131 553 2217 collegas
575 2132 761 2197 auctoritate
786 2142 876 2218 apost
863 2132 957 2197 tolica
978 2142 1082 2198 essent
1102 2134 1266 2220 supposita
1288 2134 1474 2219 interdicto

264 2237 332 2323 ipse
364 2237 538 2302 temeritate
575 2235 703 2322 propria
732 2236 802 2322 ipso
833 2237 919 2322 Rege
948 2248 1092 2323 presente
1062 2238 1232 2302 tdiuina
1261 2261 1327 2304 non
1359 2238 1468 2304 diuine

264 2341 457 2427 presumpsit
480 2339 583 2405 officia
606 2339 768 2407 celebrare.
813 2340 941 2408 Verum
966 2364 1040 2405 cum
1064 2342 1129 2406 iam
1155 2365 1212 2428 per
1235 2342 1344 2428 plures
1368 2366 1467 2410 annos

264 2454 438 2510 oessauerat
460 2467 479 2509 a
503 2443 623 2509 diuinis
644 2453 676 2509 et
697 2445 874 2510 confractus
901 2445 989 2511 senio
1013 2468 1049 2510 ac
1074 2446 1183 2511 multis
1207 2445 1373 2512 laboribus
1398 2447 1466 2512 fati-

263 2560 355 2636 gatus
384 2548 513 2614 duxerit
542 2547 583 2613 ad
620 2547 725 2613 sedem
763 2548 968 2634 apostolicam
1007 2548 1215 2615 laborandum
1251 2551 1409 2616 instanter
1437 2561 1467 2617 et

263 2653 428 2718 humiliter
450 2652 642 2738 supplicauit
664 2652 724 2717 sibi
747 2675 842 2737 super
864 2653 1028 2738 premissis
1050 2677 1106 2739 per
1126 2653 1374 2740 dispensationis
1396 2679 1466 2742 gra-

264 2757 343 2822 tiam
365 2756 576 2821 misericordie
599 2756 728 2820 ianuam
752 2757 876 2844 aperiri.
923 2757 993 2823 Nos
1020 2768 1124 2822 autem
1150 2759 1302 2824 senectuti
1325 2782 1363 2825 ac
1389 2783 1465 2847 pau·

263 2861 379 2947 perlati
401 2859 594 2946 compatiens
616 2861 718 2945 ipsius
741 2860 920 2946 predictum
943 2860 975 2928 S.
996 2860 1038 2926 ad
1060 2884 1118 2927 uos
1140 2884 1214 2926 cum
1232 2862 1466 2931 Vlixbonensis

265 2974 352 3029 uacet
374 2963 502 3029 ecclesia
523 2963 674 3028 duximus
700 2963 926 3030 remittendum
948 2963 987 3030 de
1013 2965 1141 3051 speciali
1168 2965 1319 3032 mandato
1343 2967 1464 3034 domini

263 3090 346 3154 pape
376 3079 477 3133 uestre
509 3067 676 3154 prudentie
705 3068 961 3133 committitentes
991 3077 1145 3155 quatenus
1176 3071 1320 3136 iniuncta
1349 3073 1379 3137 ei
1409 3095 1464 3159 pro

263 3172 355 3258 culpe
378 3171 472 3237 modo
486 3172 659 3259 penitentia
676 3173 868 3258 competenti
886 3195 982 3259 eoque
1000 3173 1041 3237 ad
1060 3186 1185 3261 tempus
1208 3183 1303 3261 prout
1318 3176 1463 3262 expedire

264 3275 408 3342 uideritis
444 3277 477 3340 in
508 3277 557 3342 sui
587 3275 682 3341 officii
719 3277 922 3362 suspensione
950 3286 1081 3361 retento,
1113 3276 1244 3343 demum
1273 3289 1333 3345 etc.
1365 3304 1463 3367 usque

264 3379 408 3445 uideritis
430 3390 461 3445 et
483 3380 720 3445 ecclesiasticam
743 3380 883 3445 decuerit
906 3380 1111 3447 honestatem.

805 3660 922 3726 XCII.

296 3832 353 3897 Ι)Ε
375 3833 558 3900 Pnsnnrrs
581 3854 642 3911 our
666 3836 886 3901 Couosouur
909 3835 1089 3901 Lr‘rrnnns
1110 3855 1197 3902 suns
1221 3856 1269 3900 ΕΕ
1294 3836 1431 3905 Murco

716 3940 1007 4005 Cournnflnnno.

308 4093 468 4180 Episcopo
478 4094 681 4160 Abrincensi.
721 4094 774 4158 Ex
790 4103 880 4180 parte
896 4131 1026 4142 —-
1041 4095 1166 4160 abbatis
1180 4097 1279 4161 sancti
1295 4095 1464 4165 Michaelis

264 4198 303 4263 de
317 4198 456 4284 periculo
469 4199 565 4263 maris
581 4199 642 4264 fuit
652 4199 852 4284 propositum
864 4220 969 4263 coram
983 4199 1075 4264 nobis
1089 4199 1175 4286 quod
1191 4201 1258 4286 ipse
1273 4201 1351 4266 olim
1365 4204 1464 4269 nobili

263 4303 333 4367 uiro
344 4302 479 4368 Fulconi
489 4302 663 4388 Paganello
673 4304 888 4389 crucesignato
904 4303 1026 4368 litteras
1041 4304 1101 4369 sub
1113 4304 1218 4390 sigillo
1233 4327 1290 4371 suo
1302 4305 1342 4371 de
1354 4318 1464 4373 mutuo

263 4406 475 4471 contrahendo
498 4407 658 4490 concessit,
682 4406 849 4472 sufficienti
873 4407 971 4473 abeo
998 4408 1142 4473 cantione
1169 4419 1292 4495 recepta
1320 4411 1408 4498 quod
1435 4422 1464 4477 et

263 4510 384 4576 litteras
407 4512 490 4596 ipsas
512 4509 658 4576 redderet
673 4512 701 4576 ei
723 4511 813 4576 aede
835 4520 947 4578 mutuo
961 4512 1110 4599 dampnis
1125 4522 1155 4577 et
1170 4514 1327 4600 expensis,
1343 4516 1371 4581 si
1387 4539 1463 4602 quas

263 4615 438 4695 incurrerit,
455 4615 523 4680 eius
538 4617 763 4681 monasterium
779 4626 978 4682 conseruaret
993 4616 1175 4704 indempne‚
1190 4627 1222 4683 et
1238 4617 1464 4685 nichilominus

263 4720 392 4805 ignarus
407 4720 639 4784 constitutionis
654 4719 736 4785 edite
751 4743 856 4786 coram
875 4718 1013 4808 [contra]
1032 4720 1111 4786 tales
1133 4722 1167 4785 in
1183 4720 1287 4788 officio
1302 4745 1361 4790 suo
1377 4734 1473 4811 post.
