3098 5476
380 611 478 675 arx,
508 611 576 660 nx.
604 611 655 658 nn
684 609 1149 659 nxcouuuurcrrrour.
1327 592 1368 658 75

657 819 662 836 '
720 856 819 922 nix.

205 1067 264 1132 Du
288 1086 334 1132 no
357 1085 421 1144 cur
444 1066 594 1132 CourRA
616 1083 656 1130 sn
684 1065 1076 1130 Exoouuuuroarrours
1101 1063 1338 1130 snucnumn

633 1169 907 1235 Pnouunuuvrr.

212 1401 345 1414 --
359 1363 525 1449 presbiteri
546 1361 658 1448 petitio
673 1361 854 1426 continebat
869 1360 953 1447 quod
977 1383 1049 1425 cum
1073 1361 1156 1425 idem
1177 1362 1276 1426 nimia
1290 1385 1369 1448 pau-

171 1478 290 1556 pertate
311 1475 463 1553 grauatus
489 1465 590 1552 ipsius
616 1465 742 1531 ecclesie
769 1464 888 1530 librum
911 1465 1031 1530 furtiue
1057 1479 1216 1553 receptum
1242 1467 1370 1552 pignori

173 1574 352 1659 obligasset,
368 1571 410 1636 ad
426 1571 611 1636 instantiam
628 1569 742 1657 populi
757 1569 927 1656 repetentis
942 1569 1077 1635 eundem
1093 1570 1126 1634 in
1142 1581 1278 1635 actorem
1293 1571 1371 1635 furti

171 1674 507 1742 excommunicationis
522 1675 711 1740 sententiam
728 1673 946 1760 promulgauit
960 1683 991 1739 et
1006 1673 1231 1739 nichilominus
1247 1697 1279 1740 se
1294 1675 1374 1740 cele·

172 1781 310 1848 brationi
340 1780 504 1844 inmiscuit
526 1779 732 1844 diuinorum:
762 1778 942 1864 quodcum
966 1777 1007 1843 ad
1030 1779 1174 1844 notitiam
1198 1779 1248 1844 sui
1270 1779 1374 1844 archi·

171 1886 336 1973 presbiteri
358 1885 553 1971 peruenisset
570 1882 738 1949 interdixit
756 1881 900 1948 eundem.
946 1883 1028 1948 Sene
1050 1906 1121 1947 cum
1146 1883 1308 1948 restitutus
1330 1885 1371 1948 sit

170 1991 252 2056 liber
273 1989 400 2054 ecclesie
422 1997 453 2054 et
475 1996 604 2074 propter
620 1989 745 2052 uiarum
768 1987 907 2073 pericula
930 1986 1033 2052 sedem
1058 1986 1261 2073 apostolicam
1283 1988 1373 2053 adire

170 2118 236 2161 non
250 2094 361 2180 possit,
379 2093 441 2157 fuit
456 2091 620 2157 humiliter
637 2091 831 2178 postulatum
850 2091 911 2157 sibi
934 2091 1106 2178 superbiis
1129 2092 1373 2158 misericorditer

170 2197 342 2285 prouideri.
382 2197 473 2278 Cum
497 2196 597 2282 igitur
615 2219 708 2262 nemo
729 2196 867 2282 seipsum
889 2195 1052 2261 absoluere
1074 2196 1177 2261 ualeat
1199 2196 1250 2261 uel
1273 2197 1374 2282 ligare

171 2300 444 2389 circumspectioni
471 2310 575 2366 uestrc
600 2301 829 2366 committimus
856 2309 1011 2386 quatenus
1037 2301 1064 2364 si
1088 2311 1134 2365 est
1156 2302 1210 2384 ita,
1234 2302 1373 2366 relaxata

170 2409 252 2472 circa
283 2406 444 2493 prefatum
471 2406 515 2472 N.
541 2404 700 2470 interdicti
730 2406 884 2470 sententia
915 2412 945 2470 et
975 2404 1118 2470 iniuncta
1143 2406 1171 2470 ei
1201 2406 1374 2492 penitentia

171 2511 313 2591 alutam,
344 2511 475 2576 demum
511 2509 537 2575 si
575 2509 663 2575 aliud
700 2509 885 2575 canonicum
921 2532 986 2575 non
1023 2509 1155 2575 obsistat
1188 2511 1294 2596 ipsum
1332 2509 1374 2574 ad

170 2614 414 2702 dispensationis
435 2615 572 2700 gratiam
595 2613 781 2679 admittatis.

733 2996 809 3062 LX.

174 3207 231 3271 Dn
254 3225 300 3271 no
323 3225 385 3282 cur
409 3224 483 3271 uon
507 3206 739 3271 Coumrnrun
763 3206 1172 3271 Excouuuuronrrounu
1196 3225 1240 3270 nr
1263 3206 1377 3272 Pnrrr

686 3312 856 3376 Ausonvr.

216 3503 464 3590 Archiepiscopo
479 3504 621 3568 Barensi
660 3502 850 3567 Inuenimus
865 3502 1001 3568 alterum
1015 3501 1226 3588 presbiterum
1241 3539 1371 3552 —-

169 3607 442 3674 archidiaconatus
478 3607 649 3694 Salpensis¹
685 3608 879 3693 presentium
916 3607 1101 3693 portitorem
1139 3607 1195 3694 qui
1233 3631 1298 3674 non
1336 3618 1373 3674 ut

170 3720 276 3778 oraret
291 3713 345 3778 sed
369 3720 405 3777 ut
423 3735 456 3778 se
478 3713 659 3777 iustificaret
675 3710 843 3776 ascendens
867 3712 900 3774 in
915 3711 1081 3797 templum,
1098 3712 1131 3775 id
1154 3711 1322 3778 dumtaxat
1337 3714 1372 3778 in

169 3817 397 3883 confessionem
428 3816 562 3882 deduxit
588 3816 673 3902 quod
705 3837 818 3881 manus
849 3817 880 3879 iu
906 3817 1087 3902 episcopum
1113 3818 1279 3902 preprium
1306 3841 1372 3885 non

169 3920 286 4004 iniecit,
303 3944 415 3987 uerum
437 3921 509 3986 licet
531 3930 568 3987 ut
589 3920 699 3985 asserit
721 3920 780 3985 hoc
802 3920 901 3984 eidem
926 3921 1112 4006 inpingatur
1133 3922 1174 3986 ab
1197 3922 1320 4005 emulis,
1337 3924 1371 3987 in

173 4027 242 4094 foro
258 4037 365 4091 tamen
380 4027 429 4091 sui
453 4026 577 4090 arbitrii
599 4035 707 4090 contra
723 4025 888 4088 inimicum
904 4033 935 4089 et
950 4024 1145 4090 defensorem
1162 4048 1194 4090 se
1211 4049 1286 4091 sane
1301 4051 1372 4092 cou-

170 4132 298 4197 scientie
319 4131 535 4217 exceptionem
559 4131 700 4216 opponit.
746 4130 874 4196 Verum
897 4152 968 4193 curu
992 4128 1057 4194 alto
1071 4138 1102 4194 et
1117 4130 1238 4196 occculto
1254 4130 1374 4197 iudicio

170 4237 360 4303 conscientia
375 4244 560 4314 reseruetur,
576 4244 607 4299 et
621 4235 759 4299 humane
778 4257 870 4299 aures
892 4234 969 4298 talia
984 4234 1081 4299 uerba
1096 4235 1248 4320 recipiant
1263 4237 1372 4322 qualia

172 4341 251 4408 foris
273 4351 397 4421 sonant,
421 4340 603 4427 importune
625 4339 775 4404 instantie
798 4340 984 4403 reuertentis
1006 4337 1083 4402 dicti
1106 4360 1169 4403 non
1194 4338 1376 4405 innocentie

169 4455 263 4511 testes
285 4467 404 4510 sumus.

205 4648 286 4708 r'l'hc
303 4654 458 4722 supprcssed
475 4671 517 4706 see
535 4655 565 4705 of
579 4653 654 4720 Salpi
666 4671 718 4705 was
735 4653 764 4703 iu
782 4653 828 4704 the
846 4653 992 4705 thirteenth
1010 4660 1119 4719 century
1131 4653 1262 4720 suffragan
1280 4662 1307 4705 to
1325 4655 1376 4707 the

171 4739 298 4807 province
309 4739 340 4790 of
354 4738 425 4791 Bari.
