3090 5490
264 517 305 580 66
344 531 529 581 xu1x.1)a
551 532 745 579 LITTERIS
767 506 1358 580 FALSIS.-L.Dususr1010uu
1381 531 1468 578 ETG.

794 785 929 850 XLIX.

329 994 385 1057 Da
409 1013 454 1058 ao
477 1013 540 1070 our
563 994 704 1059 ansns
727 1013 796 1059 rao
818 995 936 1062 Varus
960 994 1136 1058 erraaas
1159 994 1411 1059 Rnrourarur.

309 1183 417 1250 Habet
444 1186 554 1252 relatio
580 1187 611 1252 J.
639 1187 763 1251 diaconi
795 1187 988 1271 presentium
1015 1186 1179 1272 portitoris
1205 1183 1293 1273 quod
1320 1184 1402 1249 olim
1430 1183 1468 1247 ad

263 1289 468 1375 apostolicam
491 1290 594 1355 sedem
617 1290 764 1355 accedens
787 1290 882 1356 falsas
906 1314 965 1377 pro
989 1291 1071 1355 ueris
1096 1289 1259 1354 cuiusdam
1286 1298 1469 1354 commento

265 1393 386 1458 litteras
408 1395 592 1480 reportauit‚
607 1405 737 1481 propter
752 1394 837 1481 quod
861 1395 965 1482 ipsum
989 1394 1092 1460 officio
1115 1404 1146 1459 et
1161 1394 1312 1459 beneficio
1337 1415 1470 1479 suspen-

264 1496 356 1563 distis
381 1499 580 1584 iniungentes
605 1498 706 1564 eidem
730 1510 767 1563 ut
789 1509 905 1565 terram
931 1522 985 1564 sue
1010 1499 1188 1564 natiuitatis
1211 1497 1380 1583 egrediens
1405 1520 1468 1561 non

265 1611 473 1668 reuerteretur
496 1603 535 1667 ad
560 1626 629 1668 eam
653 1603 721 1668 sine
746 1603 872 1668 licentia
896 1602 978 1668 sedis
1005 1603 1174 1688 apostolice
1198 1601 1338 1688 speciali.
1395 1601 1469 1687 Ipse

265 1728 341 1770 uero
363 1729 457 1792 super
473 1708 632 1793 premissis
655 1708 869 1793 ignoranciam
886 1707 964 1772 iuris
986 1716 1016 1771 et
1032 1706 1106 1772 facti
1130 1704 1321 1793 pretendens
1345 1728 1420 1770 cum
1437 1704 1469 1768 id

264 1808 448 1875 sufficientis
466 1812 676 1877 excusationis
694 1834 758 1877 non
773 1811 898 1877 afferret
915 1810 1089 1876 remedium
1104 1810 1161 1874 diu
1176 1834 1235 1896 pro
1252 1809 1470 1874 misericordia

266 1914 391 1998 institit,
407 1915 464 1980 diu
476 1939 534 2002 pro
548 1915 714 1981 clementia
728 1916 931 2003 supplicauit.
978 1913 1123 1980 Tandem
1142 1938 1216 1980 uero
1231 1914 1379 2001 pulsanti
1395 1936 1469 1978 cum

266 2018 416 2084 instantia
430 2020 525 2085 ianua
541 2021 666 2106 pietatis
681 2030 799 2107 aperta,
809 2043 883 2085 eum
897 2019 939 2085 ad
954 2043 1012 2086 uos
1027 2019 1066 2085 de
1081 2019 1208 2105 speciali
1225 2019 1332 2104 gratia
1344 2017 1469 2084 domini

265 2144 347 2208 pape
358 2124 549 2205 remittimus
561 2125 651 2190 iuxta
664 2124 797 2190 formam
810 2124 936 2190 ecclesie
951 2124 1143 2206 absolutum,
1154 2132 1256 2188 uestre
1268 2121 1469 2209 prouidentie

265 2226 495 2293 committentes
521 2237 558 2293 ut
579 2251 673 2314 super
696 2251 754 2294 usu
780 2228 959 2294 litterarum
987 2226 1169 2293 huiusmodi
1196 2226 1301 2291 eidem
1325 2226 1469 2290 iniuncta

265 2331 439 2416 penitentia
451 2334 641 2419 competenti
656 2335 762 2419 ipsum
777 2331 817 2396 ad
833 2333 994 2415 ultimum,
1006 2333 1031 2397 si
1049 2332 1076 2396 ei
1092 2330 1170 2396 alias
1185 2344 1217 2396 et
1233 2331 1300 2396 uite
1316 2331 1466 2395 meritum

265 2457 302 2498 ac
317 2434 390 2500 fidei
412 2437 630 2502 testimonium
645 2437 847 2522 suffragetur,
862 2436 926 2501 alio
940 2437 1090 2501 canonico
1105 2458 1170 2500 nou
1185 2435 1333 2501 obstante
1349 2434 1391 2499 ad
1406 2433 1469 2498 dis-

267 2540 458 2623 pensationis
472 2541 608 2626 gratiam
624 2541 810 2606 admittatis.

735 2752 993 2762 *-

847 2906 886 2969 L.

595 3114 652 3178 Da
676 3113 889 3179 Susarrrouu
911 3113 1133 3178 Farsrrnrrs.

313 3304 433 3369 Abbati
449 3343 589 3370 ——.
636 3305 836 3371 Transmisso
854 3305 946 3370 nobis
961 3305 1001 3371 R.
1017 3304 1218 3370 concanonici
1241 3304 1342 3369 uestri
1358 3303 1467 3389 petitio

266 3410 447 3475 continebat
462 3411 547 3497 quod
572 3412 638 3497 ipse
652 3410 730 3475 olim
745 3411 883 3475 existens
906 3410 940 3473 in
955 3409 1059 3474 seculo
1076 3431 1151 3474 usus
1170 3407 1232 3474 fuit
1247 3431 1320 3472 cum
1337 3408 1467 3494 quibus-

267 3512 341 3577 dam
357 3513 428 3579 aliis
446 3515 659 3580 sacerdotibus
674 3515 713 3579 de
729 3514 886 3580 Lauduno
901 3513 1070 3601 priuilegio
1085 3511 1224 3600 quodam
1239 3513 1281 3577 ab
1296 3512 1468 3598 apostolica

267 3617 340 3683 sede
355 3643 506 3698 concesso,
523 3643 586 3685 nou
603 3619 731 3684 credens
746 3618 828 3683 illud
851 3620 884 3683 in
901 3628 990 3705 parte
1004 3618 1112 3705 aliqua
1128 3618 1290 3682 uitiosum.
1339 3617 1467 3683 Verum

267 3746 340 3787 cum
363 3724 464 3809 ipsius
486 3725 705 3789 conscientiam
721 3722 931 3788 dubitationis
953 3722 1121 3809 scrupulus
1144 3730 1255 3808 urgeat
1270 3744 1311 3787 ex
1327 3744 1366 3787 eo
1382 3721 1465 3807 quod

268 3837 339 3912 post
351 3827 511 3914 religionis
528 3830 701 3915 ingressum
719 3827 876 3893 audiuerit
892 3827 975 3891 idem
991 3826 1196 3913 priuilegium
1211 3827 1303 3912 argui
1320 3825 1468 3891 falsitatis

270 3931 331 3996 fuit
346 3931 508 3997 humiliter
523 3934 734 4019 supplicatum
760 3932 820 3996 sibi
843 3955 938 4018 super
955 3930 1138 3996 huiusmodi
1154 3928 1253 3995 dubio
1269 3953 1326 4016 per
1341 3930 1469 3996 absolu-

269 4036 366 4101 tionis
388 4038 576 4101 beneficinm
591 4037 631 4101 ad
647 4037 801 4101 cautelam
817 4036 856 4100 de
875 4034 1088 4100 misericordia
1103 4034 1185 4100 sedis
1207 4034 1380 4121 apostolice
1396 4034 1470 4100 sub·

270 4141 380 4207 ueniri.
426 4141 496 4206 Nos
515 4151 618 4205 autem
644 4140 684 4205 de
709 4140 835 4227 speciali
859 4139 1009 4204 mandato
1033 4139 1155 4204 domini
1180 4161 1261 4225 pape
1285 4138 1469 4204 discretioni

268 4257 379 4310 uestre'
400 4246 628 4312 committimus
657 4257 822 4330 quatenus,
850 4268 889 4309 ne
918 4243 1059 4330 predicto
1090 4244 1123 4307 in
1155 4243 1214 4308 hoo
1243 4242 1325 4308 desit
1349 4244 1470 4309 cautele

269 4351 454 4432 remedium,
487 4350 676 4435 impendatis
709 4351 737 4413 ei
771 4349 978 4431 absolutionis
1012 4349 1197 4413 beneficium
1230 4347 1271 4412 ad
1303 4349 1469 4430 cautelam,

268 4455 486 4542 dispensantes
516 4454 740 4518 nichilominus
767 4477 839 4517 cum
866 4453 973 4519 eodem
1001 4453 1027 4517 si
1059 4453 1164 4517 forsan
1192 4451 1315 4538 aliquid
1342 4475 1384 4518 ex
1412 4454 1470 4519 hoc

270 4560 510 4646 irregularitatis
533 4560 641 4623 timeat
665 4559 842 4623 incurrisse.
