3098 5476
440 560 542 610 xxv.
566 561 617 608 nn
646 544 876 608 rr'onrcrmo
905 561 1101 610 casuxnr.

638 804 686 849 nn
709 805 840 850 nonan.
867 786 922 872 (3).

220 960 467 1046 Archiepiscopo
483 959 684 1046 Maguntino.
731 960 901 1026 Presbiteri
925 961 1033 1027 latoris
1055 963 1249 1048 presentium
1265 963 1377 1050 petitio

171 1065 356 1129 continebat
386 1064 472 1150 quod
501 1088 575 1129 cum
600 1064 731 1150 quidam
761 1065 852 1129 miles
880 1075 970 1131 nocte
999 1065 1179 1151 tyrannidis
1209 1067 1378 1153 euaginato

170 1168 284 1254 gladio
306 1169 411 1254 ipsum
435 1168 599 1254 impeteret
619 1177 649 1233 et
670 1169 734 1233 iam
757 1168 847 1234 illato
869 1169 965 1255 capiti
989 1170 1120 1234 uulnere
1140 1170 1181 1234 ad
1204 1171 1272 1236 eius
1294 1173 1378 1236 exci-

170 1273 266 1336 dium
281 1273 436 1337 niteretur
450 1273 535 1337 idem
551 1274 659 1338 uolens
682 1273 868 1359 intemptate
891 1275 1000 1339 mortis
1023 1273 1180 1339 declinare
1200 1276 1377 1361 periculum

171 1377 378 1462 impetentem
395 1378 544 1442 connexis
559 1376 695 1442 brachiis
710 1378 822 1460 tenuit,
839 1388 875 1441 ut
889 1378 1038 1443 seuientis
1054 1379 1192 1464 impetus
1206 1388 1377 1463 teneretur,

170 1481 229 1546 sed
252 1480 331 1545 dum
348 1481 402 1546 ille
424 1491 610 1567 conceptum
632 1481 810 1568 iniquitatis
832 1483 1031 1568 propositum
1049 1481 1258 1548 ualidioribus
1282 1484 1378 1549 uellet

172 1585 316 1650 motibus
338 1586 486 1671 prosequi
509 1608 601 1651 casus
623 1586 806 1671 inopinatus
829 1587 863 1649 in
879 1586 984 1673 ipsum
999 1586 1048 1651 sui
1065 1596 1195 1652 conatus
1218 1590 1375 1653 conuertit

170 1699 336 1773 euentum,
359 1713 432 1753 cum
458 1713 491 1754 se
518 1690 551 1753 in
575 1690 760 1776 canipulum
784 1690 942 1776 quendam
965 1691 1133 1776 impegerit
1155 1714 1248 1778 quem
1273 1692 1377 1758 dictus

170 1831 308 1842 --
323 1817 387 1858 non
402 1795 435 1857 in
452 1793 580 1859 lesionis
594 1795 741 1859 affectum
756 1794 811 1860 sed
834 1796 867 1858 in
882 1796 1074 1880 aptationem
1091 1795 1257 1861 cuiusdam
1273 1797 1377 1862 baculi

171 1920 274 1962 manu
297 1898 429 1964 tenebat.
474 1898 609 1966 Vulnus
631 1908 735 1964 autem
759 1899 816 1963 tali
839 1899 933 1986 culpa
953 1911 1132 1985 susceptum
1155 1899 1241 1986 quod
1265 1900 1377 1966 medici

171 2024 252 2066 cura
264 2001 356 2066 facile
370 2011 493 2088 poterat
505 2003 538 2067 in
554 2026 642 2090 spem
654 2003 796 2089 proferre
811 2003 932 2084 salutis,
943 2004 999 2068 lesi
1016 2003 1209 2090 negligentia
1221 2006 1254 2068 in
1268 2005 1378 2070 mortis

172 2107 299 2171 exitum
322 2116 369 2172 est
392 2117 598 2193 protractum,
620 2107 704 2194 quod
729 2107 872 2194 prefatus
894 2147 1026 2157 --
1048 2108 1089 2172 ad
1113 2109 1378 2174 examinationem

171 2209 259 2276 sedis
283 2211 452 2296 apostolice
475 2211 616 2297 pertulit,
636 2222 673 2276 ut
695 2222 725 2277 et
747 2223 873 2299 peccato
896 2213 989 2277 uenia
1012 2237 1076 2278 non
1099 2212 1217 2278 deesset
1239 2222 1269 2278 et
1291 2236 1379 2279 error

171 2315 362 2402 scrupulum
386 2317 573 2381 conscientie
604 2340 668 2381 non
692 2316 825 2382 afferret.
881 2318 969 2396 Quia
993 2341 1068 2383 uero
1093 2340 1158 2382 non
1182 2317 1256 2402 plus
1286 2316 1379 2383 debet

171 2406 304 2484 extendi
326 2420 466 2485 uindicta
489 2444 587 2507 quam
610 2421 790 2485 inueniatur
813 2422 845 2484 in
870 2421 1038 2486 excedente
1060 2421 1220 2503 delictum,
1244 2423 1377 2487 auctori-

172 2534 240 2588 tate
262 2523 384 2589 domini
406 2548 487 2611 pape
513 2526 740 2590 committimus
763 2535 798 2588 ut
821 2526 848 2590 si
872 2524 1021 2611 predictis
1047 2526 1163 2590 ueritas
1187 2525 1379 2612 suffragatur

171 2627 325 2714 aliudque
350 2630 536 2694 canonicum
568 2653 629 2694 non
657 2630 789 2695 obsistat
812 2653 877 2695 non
904 2630 1055 2715 reputetis
1085 2629 1219 2694 eundem
1247 2630 1279 2693 in
1304 2653 1378 2695 casu

172 2733 329 2818 premisso
351 2733 593 2818 irregularitatis
615 2733 771 2798 maculam
795 2723 972 2799 incurrisse.

637 2961 685 3006 nn
709 2961 840 3008 nonan.
864 2942 920 3028 (4).

220 3116 380 3203 Episcopo
392 3156 532 3180 —.
565 3118 595 3184 J.
606 3117 789 3183 subdiaconi
805 3117 915 3182 latoris
930 3117 1124 3203 presentium
1141 3117 1271 3182 humilis
1286 3119 1379 3184 nobis

172 3220 331 3286 confessio
346 3221 543 3286 monstrabat
554 3220 639 3307 quod
655 3245 727 3286 cum
739 3222 843 3307 ipsum
859 3221 989 3308 quidam
1005 3221 1147 3287 homines
1163 3222 1379 3286 uerberassent

172 3325 401 3411 consanguinei
417 3326 483 3391 eius
498 3349 570 3412 egre
585 3326 760 3412 plurimum
776 3326 835 3391 hoc
850 3326 993 3409 ferentes
1010 3347 1046 3391 eo
1061 3327 1186 3412 penitus
1202 3327 1378 3412 ignorante,

173 3429 336 3515 quendam
358 3453 397 3494 ex
420 3430 569 3517 predictis
593 3430 775 3496 hominibus
797 3439 1027 3516 percusserunt,
1044 3440 1075 3494 et
1094 3429 1164 3494 licet
1183 3452 1290 3494 curam
1308 3429 1378 3493 uul-

174 3534 261 3598 neris
283 3535 435 3620 acceperit
451 3535 607 3621 fueritque
622 3535 705 3600 abile
719 3534 759 3600 ad
776 3535 920 3614 salutem,
937 3534 1177 3621 superueniente
1193 3535 1379 3599 infirmitate

172 3637 249 3721 alia,
265 3638 350 3703 infra
368 3639 484 3704 mensis
506 3640 600 3704 unius
622 3640 761 3725 spatium
783 3640 950 3724 expirauit.
997 3639 1099 3724 Super
1114 3662 1177 3724 quo
1198 3639 1302 3703 anime
1324 3660 1379 3703 sue

173 3741 314 3807 salutare
335 3743 502 3808 consilium
518 3744 701 3830 postulauit.
748 3744 835 3823 Quia
858 3767 933 3809 uero
948 3742 987 3808 de
1003 3743 1086 3808 facto
1100 3753 1131 3808 et
1148 3743 1223 3816 facti
1245 3744 1379 3808 circum-

173 3847 302 3912 stantiis
324 3871 381 3913 uos
403 3847 517 3913 habere
539 3849 669 3934 potestis
688 3849 834 3914 notitiam
849 3849 1033 3933 pleniorem,
1050 3848 1234 3912 auctoritate
1256 3847 1378 3913 domini

173 3972 259 4038 pape
280 3959 336 4016 etc.
353 3962 509 4038 quatenus
531 3953 691 4038 inquisitis
714 3953 891 4038 superbiis
913 3975 974 4039 que
998 3951 1116 4016 fuerint
1138 3952 1335 4037 inquirenda,
1352 3953 1379 4017 si

173 4053 261 4120 dicto
273 4055 324 4120 uel
340 4055 431 4140 factu,
442 4080 501 4142 ope
516 4057 567 4122 uel
582 4058 713 4122 consilio
725 4056 845 4122 dictum
856 4095 988 4106 -—-
998 4079 1088 4120 reum
1101 4055 1262 4120 homicidii
1277 4056 1380 4122 solici-

173 4159 255 4224 tudo
271 4170 375 4225 uestra
390 4162 540 4246 repererit
555 4161 605 4226 uel
622 4161 700 4226 alias
717 4162 775 4227 boc
789 4160 996 4247 probabiliter
1011 4171 1174 4225 reuocetur
1189 4161 1378 4243 indubium,

173 4285 250 4328 cum
264 4264 299 4327 in
313 4263 495 4331 huiusmodi
517 4266 623 4331 dubiis
645 4267 698 4331 uia
720 4266 763 4330 sit
777 4264 921 4351 eligenda
942 4265 1066 4330 timoris
1088 4274 1119 4329 et
1134 4265 1233 4329 tutius
1257 4265 1298 4329 sit
1320 4265 1379 4329 sub

175 4369 342 4434 securitate
366 4370 476 4435 timere
502 4393 598 4457 quam
621 4370 680 4435 sub
703 4371 816 4434 timore
842 4391 1030 4455 presumere,
1054 4368 1160 4453 ipsum
1182 4368 1223 4433 ab
1246 4370 1379 4433 executi·

174 4495 235 4537 one
257 4472 500 4539 subdiaconatus
522 4475 644 4540 ordinis
666 4483 817 4560 perpetuo
840 4472 1049 4558 suspendatis,
1073 4473 1216 4536 iniuncta
1238 4473 1267 4537 ei
1289 4473 1379 4557 peni-

174 4576 273 4641 tentia
289 4577 427 4643 salutari.
473 4578 630 4665 Alioquin
645 4602 717 4643 cum
732 4578 826 4663 culpa
841 4601 912 4643 suos
928 4576 1040 4641 debeat
1055 4586 1161 4640 tenere
1176 4586 1305 4657 actores,
1322 4598 1379 4640 nec

175 4680 261 4745 ultra
271 4681 313 4745 sit
324 4681 521 4748 extendenda
533 4683 673 4748 uindicta
685 4705 780 4770 quam
796 4682 977 4746 inueniatur
989 4681 1022 4744 in
1035 4679 1201 4745 excedente
1217 4679 1378 4763 delictum,
