3098 5476
466 490 524 555 XI,
554 488 635 537 XII.
663 490 714 536 DE
742 489 937 536 SYMONIA
967 488 1056 535 E'PG.

732 733 800 797 XI.

253 911 309 973 Da
331 910 498 975 Sunoum
523 909 705 975 Connrssn
728 928 768 973 nr
791 909 990 972 Baunnrcm
1014 927 1058 973 no
1081 927 1198 973 mscro
1223 928 1288 986 our

508 1015 740 1079 Bnnnmcrun
764 1032 823 1078 nsr
846 1015 1025 1078 Aonrrus

212 1168 371 1255 Episcopo
395 1167 605 1234 Gerundensi.
662 1167 751 1232 Sicut
775 1191 816 1232 ex
842 1167 956 1232 litteris
983 1168 1097 1233 uestris
1122 1167 1305 1253 accepimus
1331 1168 1365 1233 Β.

168 1274 323 1360 presbiter
338 1273 419 1338 lator
434 1274 627 1360 presentium
643 1272 719 1338 olim
736 1272 819 1336 infra
836 1273 969 1357 puberes
990 1294 1091 1337 annos
1110 1272 1251 1337 existens
1271 1271 1368 1358 quod-

168 1376 243 1441 dam
266 1377 451 1442 beneficium
475 1377 727 1460 ecclesiasticum,
743 1400 779 1442 eo
802 1379 977 1462 ignorante,
993 1385 1163 1462 parentum
1182 1385 1214 1440 et
1233 1376 1367 1442 aliorum

170 1482 342 1547 amicorum
366 1504 494 1546 suorum
515 1481 621 1546 studio
636 1492 683 1546 est
697 1481 830 1566 adeptus
852 1503 907 1567 per
923 1481 1040 1545 uitium
1056 1480 1211 1566 symonis,
1228 1504 1296 1567 quo
1318 1503 1370 1546 nec

170 1595 305 1671 purgato
320 1585 361 1650 ad
384 1609 492 1650 omnes
514 1609 619 1651 sacros
635 1585 762 1651 ordines
778 1595 824 1650 cst
839 1595 1004 1671 promotus
1027 1585 1214 1651 ministrans
1238 1586 1371 1651 nichilo-

169 1691 275 1754 minus
298 1690 331 1753 in
347 1691 472 1756 eisdem.
517 1691 645 1758 Verum
661 1714 733 1754 cum
757 1672 1103 1776 postmodum'cognito
1126 1690 1208 1755 uitio
1224 1691 1370 1755 renunci-

168 1795 230 1858 arit
253 1803 445 1879 spontaneus
471 1795 620 1860 beneficio
644 1804 815 1860 memorato
837 1796 941 1880 ipsum
966 1794 1005 1858 ad
1033 1792 1137 1859 sedem
1163 1795 1369 1880 apostolicam

168 1898 358 1981 destinastis,
382 1900 487 1964 anime
509 1922 564 1963 sue
588 1899 724 1964 salutare
748 1900 916 1964 consilium
938 1899 1122 1984 petiturum.
1169 1897 1241 1963 Nos
1267 1908 1370 1964 autem

169 2012 224 2067 etc.
241 2012 397 2088 quatenus
412 2000 483 2066 cum
501 2003 569 2088 ipso
584 2003 610 2068 si
627 2003 774 2088 predictis
789 2003 907 2068 ueritas
921 2002 1125 2088 suffragatur,
1138 2013 1168 2067 et
1183 2002 1301 2067 datum
1316 2026 1371 2088 pro

169 2130 205 2170 eo
220 2106 358 2192 pretium
381 2131 442 2172 non
464 2107 560 2172 soluit
578 2107 780 2193 postmodum
799 2108 866 2192 ipse
888 2108 993 2190 sacris,
1009 2105 1161 2192 aliudque
1183 2105 1370 2172 canonicum

170 2234 233 2275 non
257 2211 398 2292 obsistat,
416 2212 556 2276 iniuncta
578 2212 638 2277 sibi
662 2212 834 2297 penitentia
856 2220 1060 2297 competente,
1077 2233 1171 2295 super
1188 2211 1371 2277 executione

169 2316 214 2379 sic
229 2325 443 2400 susceptorum
461 2315 608 2380 ordinum
627 2315 869 2380 misericorditer
884 2315 1081 2402 dispensetis

626 2510 674 2554 nn
697 2510 830 2556 nonan.
854 2490 911 2577 (2).

215 2645 374 2730 Episcopo
400 2646 585 2712 Tudertino.
643 2645 780 2731 Egidius
806 2646 960 2732 presbiter
984 2646 1066 2711 lator
1091 2617 1288 2732 presentium
1317 2667 1370 2710 sua

172 2749 263 2814 nobis
278 2748 471 2814 confessione
490 2750 679 2815 monstrauit
694 2751 779 2836 quod
796 2760 885 2835 pater
900 2773 985 2833 suus,
1002 2773 1037 2815 eo
1053 2750 1179 2836 penitus
1195 2749 1370 2835 ignorante,

171 2853 276 2917 locum
300 2863 331 2918 et
355 2854 541 2918 beneficium
568 2856 600 2918 in
624 2855 751 2920 ecclesia
773 2893 902 2903 —
923 2853 962 2919 de
982 2853 1126 2919 Tuderto
1148 2855 1209 2919 sibi
1231 2854 1371 2920 obtinuit

173 2957 328 3022 mediante
345 2958 423 3023 uitio
438 2960 580 3044 symonie
602 2970 633 3024 et
648 2959 720 3023 licet
736 2958 818 3023 idem
835 2959 876 3023 ad
895 2958 1081 3022 mandatum
1097 2968 1239 3023 uestrum
1257 2957 1327 3024 loco
1342 2969 1371 3022 et

172 3063 322 3128 beneficio
345 3064 574 3128 renuntiauerit
593 3065 637 3129 sic
660 3064 795 3128 obtentis
813 3086 869 3127 uos
892 3073 996 3127 tamen
1020 3063 1125 3148 ipsum
1142 3063 1371 3128 nichilominus

171 3167 211 3231 ab
221 3166 323 3232 officio
333 3167 549 3253 suspendistis,
559 3178 688 3254 propter
697 3167 783 3254 quod
793 3167 831 3231 de
842 3177 944 3232 uestra
955 3167 1121 3252 prudentia
1135 3190 1197 3231 non
1210 3166 1369 3232 modicum

171 3271 368 3336 admiramur
382 3295 454 3336 cum
478 3272 594 3337 ibidem
619 3273 685 3358 ipso
707 3272 862 3357 presbiter
885 3272 1010 3335 nullum
1034 3280 1071 3336 ut
1092 3271 1204 3336 asserit
1222 3271 1373 3357 receperit

172 3374 315 3441 ordinem
333 3400 389 3441 neo
412 3377 496 3441 ultra
518 3378 560 3441 sit
578 3376 775 3441 extendenda
799 3376 939 3440 uindicta
954 3399 1050 3461 quam
1068 3376 1253 3440 inueniatur
1269 3377 1302 3438 in
1318 3399 1370 3440 ex-

171 3479 298 3545 cedente
313 3481 474 3546 deliotum.
521 3482 678 3559 Quocirca
693 3480 825 3544 eundem
844 3481 881 3546 Ε.
898 3479 939 3544 ad
955 3503 1011 3544 uos
1033 3479 1185 3544 duximus
1208 3480 1373 3544 remitten-

172 3583 248 3647 dum
264 3587 449 3650 auctoritate
471 3585 590 3650 domini
607 3609 688 3671 pape
710 3595 765 3650 etc.
781 3595 935 3671 quatenus
953 3584 1149 3650 considerato
1165 3583 1244 3671 quid
1267 3583 1371 3667 liceat,

171 3687 250 3774 quid
272 3689 428 3775 expediat,
445 3712 539 3775 super
562 3689 714 3755 boccum
737 3713 773 3755 eo
797 3698 891 3775 prout
913 3688 1135 3754 discretionem
1160 3701 1298 3753 uestram
1318 3687 1372 3753 de-

172 3793 271 3856 cuerit
294 3793 424 3876 faciatis,
450 3795 493 3858 ita
517 3794 601 3880 quod
627 3805 756 3880 propter
780 3795 839 3859 hoc
865 3793 946 3857 idem
975 3794 1127 3879 presbiter
1151 3816 1215 3858 non
1241 3801 1374 3878 cogatur

174 3898 284 3961 iterato
299 3897 340 3960 ad
356 3897 460 3962 sedern
476 3899 681 3983 apostolicam
697 3898 847 3963 laborare.

382 4353 439 4416 Du
464 4353 665 4418 Snroumca
687 4353 863 4418 Rncnrrrs
886 4373 925 4416 m
949 4353 1166 4418 Rnnrororm.

217 4529 466 4616 Archiepiscopo
483 4529 665 4594 Scnonensi.
713 4529 749 4594 P.
768 4528 912 4593 monachi
928 4528 1037 4593 latoris
1052 4527 1245 4614 presentium
1261 4528 1373 4614 petitio

174 4633 353 4698 continebat
370 4634 453 4719 quod
471 4634 546 4698 olim
564 4643 706 4718 parentes
722 4634 788 4697 eius
811 4633 894 4696 infra
909 4656 1009 4697 annos
1024 4643 1146 4697 teneros
1162 4633 1372 4697 constitutum
