3098 5476
415 562 479 611 cv.
509 562 559 609 nr
587 561 806 611 onnrunro
835 562 923 609 rou
951 563 1127 611 tuturo.
1308 547 1372 610 113

176 721 247 786 dum
265 720 304 785 de
323 720 450 807 speciali
465 720 615 786 mandato
630 721 752 786 domini
767 745 848 808 pape
864 731 920 789 etc.
937 731 1092 808 quatenus
1115 723 1257 787 iniuncta
1271 723 1300 787 ei
1315 733 1371 789 etc.

176 848 268 911 eoque
289 848 348 912 per
362 824 533 889 dimidium
548 847 667 890 annum
683 835 756 911 post
774 827 983 912 receptionem
999 827 1190 912 presentium
1206 850 1225 891 a
1239 825 1372 913 predicti

176 928 293 994 ordinis
315 930 499 995 executione
521 952 681 1016 suspenso,
697 929 827 995 demum
850 931 876 994 si
899 930 999 995 eidem
1016 941 1047 996 et
1062 931 1127 996 uite
1150 931 1297 995 meritum
1313 941 1370 996 etc.

175 1056 270 1119 usque
285 1032 474 1098 admittatis.

632 1173 679 1217 on
703 1173 835 1220 sonan.
859 1153 917 1241 (2).

214 1328 376 1415 Episcopo
390 1367 530 1392 —.
578 1329 748 1394 Presbiteri
763 1329 872 1394 latoris
895 1331 1088 1416 presentium
1106 1330 1217 1416 petitio
1231 1331 1374 1396 contine-

173 1433 224 1499 bat
238 1433 324 1519 quod
348 1456 419 1497 cum
444 1433 644 1498 obseruantia
659 1434 725 1519 iiij⁰r
740 1443 921 1520 temporum
941 1436 1056 1500 mensis
1078 1434 1272 1521 Septembris
1294 1435 1372 1500 olim

171 1539 203 1601 in
218 1536 408 1623 quibusdam
425 1538 570 1622 partibus
586 1536 754 1602 Alemanie
776 1538 987 1604 diuersimode
1009 1550 1210 1604 seruarentur
1226 1538 1301 1625 [sic]
1316 1539 1372 1602 alii

173 1642 202 1706 in
218 1641 356 1706 secunda
371 1651 403 1706 et
418 1641 473 1706 alii
496 1642 530 1706 in
545 1645 638 1707 tertia
652 1642 828 1707 ebdomada
842 1652 967 1729 tempus
990 1643 1070 1706 illud
1093 1666 1132 1709 ex
1148 1643 1285 1730 quadam
1301 1666 1372 1709 con-

171 1745 337 1811 suetudine
360 1745 571 1828 obseruantes‚
588 1746 655 1832 ipse
677 1746 710 1809 in
734 1746 869 1811 secunda
891 1770 947 1833 per
964 1786 1093 1796 —
1112 1747 1372 1813 Warmatienscm

172 1851 202 1913 in
223 1849 394 1915 diaconum
417 1849 500 1915 etin
524 1848 588 1914 alia
609 1851 750 1936 sequenti
772 1850 947 1917 ebdomada
967 1875 1023 1937 per
1039 1891 1171 1902 --
1189 1851 1372 1916 Tullensem

171 1954 332 2040 episcopos
353 1976 425 2018 cum
447 1954 711 2019 testimonialibus
734 1965 764 2019 et
788 1955 900 2020 litteris
922 1956 1094 2020 secundum
1114 1979 1185 2021 suas
1203 1957 1373 2021 obseruan-

171 2059 229 2124 tias
252 2059 286 2122 in
310 2059 521 2144 presbiterum
543 2068 589 2124 est
611 2069 785 2145 promotus.
836 2059 939 2147 Super
961 2061 1078 2148 quibus
1100 2060 1269 2147 apostolice
1290 2060 1372 2125 sedis

170 2162 371 2228 clementiam
389 2163 468 2228 adiit
491 2162 673 2249 supplicans
696 2164 757 2229 sibi
780 2164 910 2229 salutari
933 2166 1064 2231 consilio
1086 2164 1256 2252 prouideri.
1303 2165 1372 2230 Nos

170 2267 268 2353 igitur
282 2267 468 2332 auctoritate
483 2266 606 2332 domini
622 2290 703 2353 pape
725 2268 830 2354 ipsum
846 2269 886 2333 ad
903 2292 959 2334 uos
977 2269 1130 2335 duximus
1148 2267 1372 2334 remittendum

170 2380 273 2437 uestre
294 2371 492 2457 prouidentie
514 2372 744 2437 committentes
766 2382 921 2458 quatenus
943 2383 999 2439 etc.
1020 2396 1119 2460 usque
1140 2397 1205 2438 non
1228 2372 1370 2453 obsistat,

171 2474 435 2561 dispensationem
460 2476 587 2540 ianuam
610 2476 758 2562 aperiatis
779 2476 889 2544 eidem.

627 2670 675 2715 nn
699 2670 831 2718 sonnu.
855 2652 914 2740 (3).

213 2805 337 2870 Abbati
352 2805 391 2870 de
407 2807 581 2884 Quartaria
596 2806 812 2872 Cisterciensis
830 2807 961 2873 ordinis.
1008 2809 1062 2873 Ex
1085 2817 1173 2894 parte
1191 2817 1295 2873 uestra
1311 2807 1373 2871 fuit

171 2911 368 2996 propositum
383 2933 489 2976 coram
505 2911 596 2976 nobis
611 2913 697 2997 quod
714 2912 811 2976 frater
828 2913 867 2977 G.
885 2913 1057 2978 monachus
1078 2913 1256 2978 monasterii
1275 2913 1371 2976 uestri

171 3024 243 3080 ante
266 3014 429 3100 religionis
454 3015 630 3100 ingressum
652 3038 782 3101 peregre
808 3017 1007 3102 proficiscens
1032 3019 1065 3080 in
1089 3017 1268 3082 subsidium
1289 3026 1373 3082 terre

171 3127 274 3184 sancte
297 3118 330 3182 in
346 3119 491 3204 partibus
509 3117 658 3184 Calabrie
680 3120 812 3184 sabbato
827 3129 1020 3205 pentecostes
1035 3120 1208 3208 aquodam
1226 3121 1371 3207 episcopo

170 3245 260 3308 greco
281 3221 484 3288 diaconatum
507 3233 538 3288 et
560 3222 689 3288 tandem
711 3224 752 3288 ad
775 3225 905 3310 propria
932 3225 1056 3290 rediens
1086 3226 1328 3312 presbiteratum
1352 3248 1371 3290 a

170 3349 227 3393 suo
242 3326 409 3393 diocesano
430 3335 573 3413 tempore
594 3337 713 3393 statuto
735 3329 881 3414 suscepit,
897 3340 928 3393 et
951 3330 1143 3395 ministrauit
1165 3330 1314 3394 hactenus
1336 3331 1370 3392 in

171 3430 336 3496 ordinibus
358 3431 403 3496 sic
424 3431 585 3517 susceptis.
633 3430 736 3518 Super
758 3433 874 3518 quibus
896 3442 954 3498 ete.
1000 3434 1087 3512 Quia
1109 3456 1184 3498 uero
1205 3433 1303 3520 digna
1325 3443 1372 3499 est

173 3535 289 3601 fauoris
304 3536 523 3621 prosecutione
537 3545 593 3600 etc.
611 3546 765 3621 quatenus
787 3538 814 3601 si
837 3537 928 3602 uobis
943 3539 1118 3603 constiterit
1132 3536 1217 3624 quod
1236 3539 1270 3600 in
1285 3536 1371 3601 ordi-

172 3640 296 3705 natione
317 3637 450 3724 predicti
473 3639 514 3704 G.
533 3640 631 3703 ritum
653 3649 684 3703 et
705 3640 841 3704 formam
863 3651 1056 3707 sacrosancte
1078 3641 1223 3707 Romane
1246 3640 1372 3706 ecclesie

172 3743 271 3830 ipsius
287 3743 502 3809 obseruauerit
517 3743 681 3809 ordinator
696 3744 837 3809 iniuncta
853 3745 880 3809 ei
897 3756 954 3811 etc.
971 3769 1071 3832 usque
1085 3745 1270 3813 admittatis.

734 4040 808 4107 CV.

309 4212 367 4278 Du
390 4233 435 4280 no
458 4234 521 4291 our
544 4233 618 4280 nor
640 4216 801 4280 Jsrunus
825 4217 986 4281 Rncnrrr
1009 4217 1182 4283 Oanrnss.

212 4387 373 4475 Episcopo
382 4390 608 4457 Lemouicensi.
655 4390 826 4476 Proposuit
839 4429 972 4440 ——
987 4393 1068 4457 lator
1077 4392 1270 4478 presentium
1285 4391 1369 4478 quod

171 4515 241 4558 cum
266 4493 429 4580 langueret
451 4495 484 4558 in
508 4517 645 4580 corpore,
669 4495 866 4561 obseruantie
889 4496 1169 4583 quadragesimalis
1192 4497 1370 4583 impatiens,

170 4598 239 4664 cibo
262 4609 390 4685 sumpto
413 4599 446 4663 in
471 4599 611 4682 sabbato,
629 4599 702 4664 fecit
723 4622 756 4665 se
782 4600 814 4664 in
837 4600 1006 4665 diaconum
1029 4603 1217 4687 promoueri.
1266 4601 1370 4686 Super

173 4725 236 4789 quo
251 4713 307 4770 etc.
352 4704 422 4769 Nos
436 4714 541 4769 autem
557 4714 614 4771 etc.
631 4713 666 4769 ut
681 4705 715 4768 in
732 4705 833 4770 forma
848 4729 947 4792 usque
962 4706 1148 4772 admittatis.
