3098 5476
168 474 209 543 2⁸2
385 489 457 543 XV.
486 495 536 541 DE
564 488 837 541 ocelsoarssu's
864 491 1152 539 GLERIOORUM.

725 756 808 823 XV.

237 951 295 1014 Du
319 948 550 1014 Ooorsonrnus
573 948 810 1013 Cnnnrconmr
836 948 1092 1012 Aasonurronn
1115 946 1302 1011 Conmrssa

524 1071 687 1144 Proerna
712 1050 1013 1115 Munrrrumnnu.

213 1228 372 1315 Episcopo
384 1228 584 1313 Legionensi.
623 1226 677 1290 Ex
694 1227 806 1291 litteris
818 1249 895 1312 quas
908 1225 1105 1290 uenerandus
1120 1235 1211 1312 pater
1221 1224 1369 1292 dominus

170 1334 208 1398 P.
225 1333 405 1398 Sabinensis
428 1330 603 1417 episcopusl
617 1331 694 1394 dum
716 1331 749 1394 in
766 1330 910 1415 partibus
933 1329 1046 1394 uestris
1069 1330 1237 1415 legationis
1263 1331 1369 1417 funge-

170 1450 256 1502 retur
272 1437 373 1501 officio
389 1435 518 1501 domino
535 1458 615 1521 pape
635 1435 720 1499 misit
735 1435 911 1519 accepimus
927 1434 1012 1518 quod
1035 1433 1193 1516 aliardeS,²
1211 1445 1247 1500 ut
1263 1458 1368 1500 eorum

171 1550 299 1605 utamur
322 1540 484 1623 uocabulo,
500 1549 532 1604 et
553 1539 762 1604 communitas
784 1536 990 1622 Legionensis'
1011 1538 1210 1624 apprehenso
1232 1539 1368 1626 quodam

169 1646 342 1710 facinoroso
369 1644 501 1709 diacono
525 1644 647 1708 latrone
677 1643 804 1728 publico
831 1652 860 1706 et
888 1643 997 1707 multis
1027 1642 1217 1708 criminibus
1249 1644 1370 1710 irretito

170 1751 272 1836 ipsum
299 1748 442 1834 patibulo
465 1747 706 1833 suspenderunt,
723 1748 868 1812 timentes
893 1747 980 1811 nesi
1004 1746 1136 1810 eundem
1162 1747 1371 1813 dimississem

170 1853 295 1918 illesum
312 1853 444 1916 illustriS
460 1875 516 1916 rex
532 1851 738 1936 Legionensis
753 1851 880 1936 culpam
893 1862 924 1915 et
936 1873 1049 1936 penam
1065 1851 1227 1917 inllisisset
1242 1852 1369 1918 eisdem.

170 1957 272 2042 Super
287 1980 351 2043 quo
366 1957 406 2021 ab
430 1957 498 2042 ipso
513 1957 659 2041 episcopo
680 1955 887 2020 absolutionis
911 1955 1096 2019 beneficium
1113 1956 1296 2040 petierunt:
1320 1957 1368 2022 sed

169 2062 277 2126 eodem
294 2061 439 2146 episcopo
462 2084 513 2125 eos
536 2060 699 2125 absoluere
721 2059 887 2124 dubitante
911 2058 969 2122 hoc
985 2058 1115 2123 domino
1138 2083 1220 2145 pape
1236 2059 1371 2126 fideliter

170 2166 341 2243 nuntiauit,
357 2165 540 2250 supplicans
557 2172 592 2228 ut
606 2187 678 2227 cum
694 2187 802 2228 omnes
824 2186 888 2228 non
904 2174 1030 2249 possent
1047 2172 1176 2249 propter
1190 2164 1251 2230 hoc
1266 2165 1371 2230 sedem

170 2270 373 2357 apostolicam
392 2269 519 2333 uisitare
534 2269 578 2333 eis
593 2267 759 2354 prouidere
776 2267 1017 2332 misericorditer
1032 2267 1246 2352 dignaremur.
1286 2269 1368 2347 Qua-

170 2384 299 2460 propter
314 2374 353 2438 de
368 2374 494 2458 speciali
511 2372 611 2458 ipsius
628 2373 777 2437 mandato
793 2372 1023 2437 committimus
1038 2383 1195 2457 quatenus
1211 2374 1277 2439 illis
1293 2398 1370 2460 quos

174 2478 411 2564 principaliores
435 2478 467 2540 in
485 2486 585 2542 morte
600 2477 676 2541 dicti
692 2477 815 2542 diaconi
836 2499 902 2541 esse
923 2477 1099 2541 constiterit
1115 2478 1250 2542 firmiter
1266 2479 1371 2543 iniun-

171 2584 253 2669 gatis
268 2581 353 2668 quod
377 2582 497 2646 domini
522 2604 602 2667 pape
625 2592 792 2666 conspectu
815 2604 847 2645 se
869 2589 1058 2666 presentent.
1105 2581 1191 2646 Aliis
1213 2592 1321 2648 autem
1338 2607 1371 2649 eo

172 2686 258 2774 quod
283 2685 454 2750 multitudo
477 2696 522 2750 est
538 2687 570 2750 in
587 2709 679 2750 causa
695 2687 785 2750 iuxta
802 2686 938 2750 formam
956 2684 1082 2749 ecclesie
1106 2686 1137 2748 in
1155 2687 1275 2752 talibus
1297 2712 1371 2754 con-

173 2800 292 2856 suetam
308 2790 515 2855 absolutionis
539 2791 723 2855 beneficium
741 2789 931 2876 impendatis
954 2800 985 2853 et
1000 2789 1168 2875 diligenter
1183 2792 1279 2877 culpa
1301 2817 1372 2858 oon·

171 2896 306 2961 siderata
318 2896 457 2980 ipsorum
471 2895 644 2979 iniungatis
659 2896 704 2959 eis
719 2895 925 2980 penitentiam
936 2893 1106 2958 salutarem
1119 2904 1224 2980 preter
1236 2897 1270 2960 id
1286 2897 1371 2983 quod

171 3000 262 3065 debet
278 2999 395 3063 talibus
410 3008 441 3063 et
455 3000 619 3064 consueuit
635 2999 769 3084 iniungi.

634 3210 682 3254 nn
704 3209 836 3255 nonan.
861 3190 917 3277 (2).

218 3368 328 3432 Electo
341 3366 600 3452 Rothomagensi.
634 3366 686 3429 Ex
698 3365 892 3430 confessione
908 3367 946 3432 R.
960 3365 1072 3430 militis
1088 3367 1281 3451 presentium
1294 3369 1374 3434 lato-

174 3473 216 3535 ris
240 3473 415 3557 accepimus
430 3470 516 3556 quod
531 3507 662 3518 ——-
677 3468 820 3536 sacerdos
842 3469 956 3534 occidit
971 3471 1037 3535 eius
1060 3471 1164 3534 filium
1179 3481 1210 3536 et
1225 3485 1373 3559 nepotem

175 3584 206 3639 et
221 3575 425 3640 adiectionem
443 3597 505 3639 non
522 3575 671 3639 aborreus
694 3573 833 3638 horroris
848 3571 935 3637 dedit
950 3573 1095 3638 incendio
1110 3597 1242 3660 corpora
1257 3578 1374 3642 occiso-

176 3702 257 3744 rum.
303 3679 407 3756 Quem
432 3679 640 3764 presbiterum
663 3678 740 3741 dum
764 3701 853 3742 casus
879 3679 906 3741 ei
934 3679 1126 3763 improuisus
1148 3678 1275 3744 offerret
1298 3683 1375 3747 rcci-

173 3783 240 3847 dini
256 3783 374 3848 doloris
396 3785 542 3868 angustia
558 3783 755 3868 repentinum
774 3783 874 3846 mouit
889 3784 1031 3846 animum
1048 3783 1087 3847 ad
1112 3783 1298 3867 uindictam,
1316 3787 1374 3850 filii

205 3988 259 4040 lIn
281 3991 352 4053 1229,
373 3990 441 4040 Jean
462 3988 636 4052 d'Abbeville,
657 3989 759 4054 Bishop
779 3990 809 4039 of
829 3988 933 4052 Sabina,
956 4005 1008 4040 was
1029 3989 1108 4054 papal
1129 3989 1215 4055 legate
1240 3998 1267 4041 to
1290 3991 1373 4058 Spain

174 4073 301 4138 (Aguirre
318 4072 425 4124 Collect.
438 4073 537 4124 Concil.
551 4073 663 4138 Hispan.
677 4072 711 4123 V.
724 4071 778 4137 84).
813 4072 934 4137 Possibly
946 4072 981 4122 he
999 4089 1059 4138 may
1074 4072 1105 4123 be
1124 4072 1169 4123 the
1187 4090 1238 4125 one
1256 4075 1372 4128 referred

172 4165 199 4207 to
211 4156 239 4206 in
252 4156 298 4206 the
310 4164 373 4220 text,
387 4156 439 4206 and
452 4157 497 4207 the
509 4156 680 4206 substitution
692 4156 722 4206 of
737 4156 766 4206 P.
779 4156 821 4206 for
832 4156 859 4206 J.
872 4172 933 4220 may
946 4155 976 4206 be
989 4173 1022 4207 an
1035 4173 1109 4206 error
1121 4157 1151 4206 of
1166 4157 1213 4208 the
1226 4159 1339 4224 copyist.

206 4239 359 4305 ²Probably
372 4238 480 4290 aliadoc.
515 4239 581 4289 This
598 4256 659 4305 may
677 4239 791 4305 perhaps
808 4240 877 4290 refer
894 4247 921 4288 to
939 4256 1009 4289 some
1027 4246 1167 4305 prototype
1184 4240 1215 4291 of
1229 4241 1276 4293 the
1293 4242 1373 4294 Santa

172 4323 352 4386 Hermandad,
366 4322 453 4374 which
466 4340 516 4374 was
528 4323 643 4373 founded
658 4322 686 4372 in
699 4323 771 4372 Leon
784 4322 836 4372 and
849 4321 954 4372 Galicia
966 4322 1000 4387 by
1012 4323 1058 4374 the
1071 4323 1150 4374 Carta
1161 4323 1194 4374 de
1206 4324 1371 4390 Valladolid,

172 4408 191 4458 J
193 4408 239 4472 uly
252 4408 273 4471 8,
288 4407 359 4469 1282,
373 4414 399 4456 to
419 4423 518 4471 repress
535 4406 672 4457 disorders.
709 4405 735 4455 It
747 4405 840 4471 spread
858 4404 1024 4470 throughout
1036 4406 1082 4456 the
1100 4405 1235 4472 kingdom,
1249 4408 1298 4460 but
1309 4425 1373 4461 soon

173 4491 278 4541 became
295 4490 424 4551 virtually
441 4489 542 4540 extinct
559 4491 600 4540 for
618 4508 633 4540 a
650 4489 714 4540 time
732 4489 760 4539 in
779 4489 824 4540 the
845 4488 961 4554 anarchy
979 4490 1009 4539 of
1027 4489 1073 4540 the
1094 4489 1372 4555 period-Memoria]

172 4573 308 4624 Histdrico
334 4573 449 4639 Espafiol
475 4573 601 4656 (Madrid,
621 4572 697 4638 1851)
719 4572 748 4624 T.
768 4572 805 4623 ΙΙ.
824 4590 867 4638 pp.
887 4573 926 4636 68,
945 4572 984 4636 72,
1004 4573 1043 4636 86,
1063 4573 1102 4637 94,
1123 4573 1366 4628 102.—Benavides

172 4657 315 4707 Memorias
331 4657 363 4707 de
381 4657 433 4707 don
452 4656 592 4707 Fornando
611 4656 660 4707 IV.
676 4655 802 4720 (Madrid,
817 4657 894 4719 1860)
908 4656 937 4706 T.
952 4655 989 4705 Il.
1002 4673 1046 4721 pp.
1061 4657 1083 4719 3,
1098 4657 1121 4707 7.
