3098 5476
227 548 419 611 nxxxv1.,
448 547 723 597 nxxxv11.nn
752 549 1107 598 concumulatus.
1226 535 1266 598 99

69 707 235 772 sufficienti
256 707 298 771 ab
313 730 349 773 eo
364 716 420 772 etc.
438 729 538 793 usque
559 706 745 790 admittatis,
760 707 889 793 prouiso
904 707 1077 793 prudenter
1091 717 1128 773 ut
1142 707 1270 794 dispen-

73 812 147 877 satio
170 810 290 876 eredita
315 811 360 876 sic
385 811 501 876 releuet
526 811 734 896 penitentiam
758 811 842 897 quod
873 813 930 876 etsi
958 811 1044 877 laxet
1071 835 1136 876 non
1162 821 1268 877 tamen

74 923 196 1002 rumpat
219 937 356 980 neruum
379 915 581 980 ecclesiastice
605 914 771 1001 discipline
782 941 790 996 ;
817 915 869 979 uel
893 916 938 980 sic
961 916 1090 1001 prouiso
1115 926 1151 980 nt
1172 926 1269 1003 prout

74 1019 202 1084 intentio
239 1019 366 1105 culpam
403 1029 582 1105 exaggerat,
620 1030 783 1105 exasperet
820 1018 988 1106 disciplina
1025 1019 1203 1084 uindictam
1239 1029 1270 1086 et

73 1123 261 1209 dispensatio
283 1122 401 1188 credita
423 1131 480 1187 etc.

563 1399 777 1467 LXXXVI.

74 1589 126 1656 Da
149 1609 195 1658 so
215 1609 280 1668 our
300 1609 385 1656 rura
407 1590 603 1656 Susrnnsus
627 1592 818 1656 Pnnrnruo
839 1591 1007 1656 Pnorrna
1030 1591 1270 1656 Conounrnau

481 1714 526 1759 nr
549 1714 610 1760 asr
632 1695 861 1762 Rnsrrrurus.

113 1870 159 1938 V.
170 1870 361 1936 Trasiluano
377 1871 532 1956 episcopo.
578 1870 619 1936 R.
633 1871 787 1957 presbiter
802 1871 884 1935 lator
898 1871 1092 1956 presentium
1108 1871 1273 1956 proposuit

72 1997 176 2041 coram
193 1974 285 2040 nobis
300 1973 385 2060 quod
401 1998 473 2038 cum
488 1975 564 2040 olim
585 1973 964 2040 —archidiaconus
980 1996 1057 2039 suus
1072 1975 1177 2062 ipsum
1193 1974 1272 2039 falso

73 2078 110 2144 de
131 2079 361 2144 incontinentie
384 2079 464 2145 uitio
478 2101 583 2145 coram
599 2079 814 2144 uenerabilem
829 2087 951 2164 patrem
975 2117 1106 2128 --
1127 2079 1273 2164 episcopo

76 2183 262 2249 Prenestino
284 2183 453 2269 apostolice
475 2181 558 2248 sedis
581 2183 683 2269 legato
706 2183 739 2246 in
762 2183 907 2269 partibus
931 2182 1073 2268 Ungarie
1099 2182 1272 2264 detulisset,

74 2288 154 2353 idem
186 2288 351 2374 episcopus
380 2287 593 2352 archidiaconi
623 2286 774 2352 delationi
804 2286 989 2373 simpliciter
1018 2286 1156 2370 credens,
1184 2287 1273 2352 nulla

72 2392 277 2480 inquisitione
299 2392 461 2478 premissa,
485 2392 591 2478 ipsum
607 2401 765 2477 >perpetuo
786 2392 827 2456 ab
850 2391 951 2457 officio
975 2392 1186 2479 beneficioque
1208 2415 1274 2456 sus-

72 2497 191 2583 pendit.
237 2495 381 2561 Tandem
404 2519 474 2560 cum
498 2519 555 2582 per
575 2495 728 2583 quosdam
752 2495 792 2560 de
815 2495 967 2560 fratribus
989 2495 1111 2561 ordinis
1133 2495 1274 2582 predica-

72 2611 178 2666 torum
199 2600 238 2666 de
256 2600 355 2686 ipsius
377 2600 441 2664 uite
460 2600 581 2666 meritis
601 2600 788 2686 inquisitum
812 2600 920 2665 fuisset
938 2609 969 2665 et
986 2600 1126 2686 profecto
1142 2600 1275 2686 liqueret

74 2705 250 2790 predictum
272 2703 528 2769 archidiaconum
551 2713 660 2769 contra
675 2727 747 2768 eum
762 2727 925 2790 perperam
942 2705 1135 2790 processisse,
1151 2705 1275 2770 duobus

72 2809 280 2875 conuentibus
316 2809 534 2874 testimonium
571 2807 811 2894 perhibentibus
848 2831 906 2894 pro
940 2807 1059 2892 eodem,
1084 2819 1275 2875 memoratus

73 2913 194 3000 legatus
224 2912 343 2978 dictam
372 2914 587 2999 suspensionis
617 2912 804 2977 sententiam
831 2912 997 2997 relaxauit‚
1026 2923 1056 2977 et
1082 2913 1155 2978 licet
1181 2936 1276 3000 super

74 3017 268 3083 relaxatione
297 3016 479 3082 huiusmodi
509 3039 581 3081 suas
610 3017 638 3081 ei
669 3016 791 3081 litteras
820 3017 1020 3082 concessisset
1049 3017 1276 3083 nichilominus

74 3130 178 3187 tamen
202 3121 313 3187 eodem
328 3121 548 3187 archidiacono
571 3121 788 3207 confringente
812 3121 932 3186 litteras
955 3122 1039 3207 ipsas
1061 3130 1165 3207 preter
1180 3122 1276 3208 legati

74 3226 297 3292 conscientiam
325 3225 511 3311 processisse
540 3225 756 3290 executionem
786 3224 879 3290 officii
917 3224 1127 3291 interdixistis
1164 3225 1274 3292 eidem.

74 3328 176 3417 Super
199 3329 316 3418 quibus
341 3329 512 3415 apostolice
535 3328 619 3394 sedis
643 3329 842 3394 clementiam
865 3328 945 3394 adiit
969 3339 1077 3415 petens
1103 3339 1160 3395 etc.
1207 3329 1277 3397 Nos

76 3444 178 3500 autem
206 3433 247 3500 de
273 3433 399 3519 speciali
426 3433 575 3499 mandato
598 3433 719 3498 domini
745 3456 827 3519 pape
853 3442 907 3500 etc.
932 3445 1087 3519 quatenus
1112 3435 1139 3499 si
1163 3442 1210 3499 est
1232 3434 1277 3499 ita
1313 3455 1319 3469 ⁸

77 3561 191 3624 penam
222 3561 319 3624 quam
347 3538 441 3623 culpa
471 3560 536 3602 non
567 3539 683 3602 meruit
714 3548 817 3602 uestra
847 3536 1048 3624 prouidentia
1082 3539 1209 3621 relenet,
1238 3561 1277 3603 ne

77 3643 256 3710 innocentie
278 3643 401 3728 puritas
423 3643 545 3708 malitie
567 3651 710 3707 contacto
733 3643 924 3708 succumbat.

556 3855 799 3864 -——-—-,

559 3988 794 4056 LXXXVII.

77 4180 132 4247 Da
155 4200 201 4247 no
223 4200 286 4257 our
308 4181 487 4247 Rarrnurr
510 4181 748 4246 Concunrnnn
771 4199 875 4256 onan
898 4181 1108 4247 haruanvrr
1130 4200 1204 4246 non
1227 4200 1278 4245 nn

497 4285 690 4350 Lussnrcun
714 4284 856 4351 Cannis.

120 4460 283 4547 Episcopo
304 4460 483 4526 Taruisino.
529 4461 583 4524 Ex
605 4459 719 4524 litteris
741 4460 855 4524 uestris
878 4467 909 4524 et
930 4460 1125 4525 confessione
1146 4498 1278 4510 ——

77 4565 241 4652 presbiteri
265 4564 374 4630 latoris
396 4565 591 4651 presentium
615 4565 790 4648 accepimus
812 4563 897 4650 quod
920 4587 992 4627 cum
1016 4564 1139 4650 prolata
1160 4572 1238 4628 esset
1259 4587 1278 4629 a

78 4671 168 4736 uobis
190 4670 225 4734 in
243 4669 481 4735 concubinarios
504 4668 631 4733 clericos
653 4677 684 4732 et
699 4667 913 4733 cohabitantes
936 4667 1007 4733 illas
1030 4691 1109 4754 quas
1131 4690 1189 4754 pro
1204 4691 1279 4733 oon-
