3098 5476
85 520 815 570 11111111111111111111-11111111.
837 521 1208 570 nnsroussnrsus.
1230 507 1292 570 127

87 679 196 766 gradu
221 703 352 766 persona
368 681 515 746 remotior
530 680 626 746 distat
640 704 658 744 a
674 681 781 766 stipite
803 690 869 746 toto
891 679 993 766 gradu
1015 704 1147 767 persone
1169 681 1207 745 de
1223 682 1294 767 qui·

88 785 158 850 bus
173 785 278 870 agitur
292 783 409 849 distare
424 798 598 866 censentur,
613 794 742 871 propter
758 784 843 870 quod
859 785 1041 850 huiusmodi
1058 786 1216 871 sponsalia
1231 809 1295 851 non

89 888 253 954 credimus
267 888 457 955 dirimenda.

559 1030 607 1074 nn
630 1029 762 1074 1111111.
786 1010 843 1096 (2).

142 1185 388 1272 Archiepiscopo
400 1185 618 1251 Antibarensi.
657 1185 813 1253 Vidimus
828 1185 948 1251 litteras
964 1209 1042 1271 quas
1057 1186 1187 1251 misistis
1202 1209 1296 1272 super

94 1290 216 1376 quibus
241 1290 379 1354 breuiter
402 1290 602 1355 rescribimus
626 1289 711 1376 quod
741 1289 815 1354 talis
839 1290 1002 1354 consueuit
1025 1291 1135 1376 regula
1159 1290 1229 1355 dari
1260 1301 1296 1356 ut

94 1417 172 1458 cum
193 1393 232 1458 de
256 1393 415 1480 graduum
440 1403 496 1460 eto.
520 1417 619 1480 usque
642 1405 808 1458 censentur
831 1403 959 1480 propter
982 1393 1067 1480 quod
1093 1395 1297 1460 matrimonia

95 1507 256 1562 contracta
285 1498 318 1561 in
349 1498 500 1563 distantia
529 1499 634 1584 quarti
672 1509 702 1562 et
739 1499 843 1584 quinti
880 1497 998 1583 gradus
1036 1522 1099 1564 non
1137 1498 1296 1564 credimus

98 1601 288 1668 dirimenda.

625 1912 779 1978 CXXII.

202 2105 260 2170 Du
283 2105 524 2170 M'Arruuonuo
549 2103 763 2171 Conraacro
786 2124 859 2169 Pan
881 2106 962 2173 Vrn
986 2124 1030 2169 nr
1054 2105 1201 2172 Maron.

143 2281 304 2366 Episcopo
319 2279 520 2346 Traieotensi.
567 2280 698 2345 Voraldi
723 2281 804 2366 layci
828 2290 930 2345 uestre
944 2280 1075 2346 diocesis
1098 2281 1207 2346 latoris
1229 2303 1301 2367 pre-

100 2387 239 2450 sentium
253 2384 365 2470 petitio
380 2385 560 2449 continebat
575 2384 661 2470 quod
676 2408 748 2448 cum
763 2394 842 2449 esset
857 2385 1033 2470 hospitatus
1052 2386 1086 2449 in
1101 2385 1196 2450 domo
1211 2385 1301 2450 cuius

101 2491 200 2553 filiam
216 2489 415 2574 precabatur,
427 2499 571 2574 parentes
587 2488 674 2553 illius
697 2489 756 2553 hoc
778 2490 903 2574 cognito
919 2488 1071 2574 quosdam
1089 2500 1178 2554 caute
1201 2491 1301 2555 intro-

101 2592 263 2665 duxerunt
277 2602 415 2658 armatos
430 2593 485 2679 qui
501 2592 541 2657 de
557 2602 646 2657 nocte
664 2593 697 2656 iu
714 2593 850 2657 eundem
866 2593 992 2677 laycum
1007 2617 1066 2680 pro
1082 2595 1147 2659 suis
1170 2595 1303 2680 surgen-

101 2708 165 2762 tem
195 2697 330 2783 negotiis
361 2699 514 2762 irruentes
544 2698 765 2783 compulerunt
795 2700 901 2783 ipsum
930 2699 1038 2764 animo
1067 2698 1303 2764 dissentientem

101 2802 232 2867 omnino
254 2824 311 2887 per
326 2802 395 2866 uim
413 2811 444 2866 et
461 2813 579 2866 metum
602 2804 649 2866 sui
674 2803 807 2889 hospitis
830 2802 929 2866 filiam
952 2803 1090 2888 accipere
1115 2827 1171 2889 pro
1193 2825 1301 2886 uxore,

101 2929 209 2992 aqua
236 2907 360 2970 recessit
385 2908 532 2992 protinus
558 2906 649 2972 nullo
673 2907 736 2972 alio
763 2930 916 2972 consensu
942 2908 1084 2972 adhibito
1106 2917 1163 2973 aut
1184 2908 1304 2972 carnali

101 3010 217 3098 copula
238 3011 348 3097 preuia
371 3009 421 3075 uel
445 3020 557 3076 secuta.
603 3011 690 3090 Quia
714 3034 788 3076 uero
811 3034 883 3075 cum
906 3012 968 3076 alia
992 3012 1024 3075 in
1044 3013 1122 3076 facie
1144 3011 1304 3077 contraxit

101 3115 228 3181 ecclesie
249 3114 409 3180 consuluit
431 3116 458 3180 si
481 3117 509 3180 ei
532 3139 604 3180 cum
628 3116 697 3201 ipsa
719 3117 760 3180 sit
784 3116 919 3180 liberum
942 3117 1112 3180 arbitrium
1131 3139 1301 3182 remanere.

102 3220 172 3285 Nos
194 3229 300 3283 autem
323 3219 357 3282 in
374 3219 443 3285 foro
463 3221 634 3306 penitentie
657 3221 735 3285 iuris
758 3219 892 3284 dubium
916 3244 979 3285 non
1004 3220 1158 3286 uidemus,
1205 3220 1302 3299 Quod

102 3326 127 3390 si
151 3323 185 3388 id
208 3325 242 3387 in
265 3323 374 3388 iudicii
396 3325 630 3390 contentionem
652 3324 819 3389 deducitur
833 3334 930 3410 prout
946 3326 1056 3389 merita
1076 3324 1302 3410 probationum

102 3430 265 3514 exegerint
287 3428 384 3492 iudex
399 3428 527 3493 dirimet
549 3430 759 3515 questionem.

581 3625 829 3632 —-——-

618 3760 795 3825 CXXIII.

214 3954 271 4017 DE
301 3951 539 4018 SPONSALIBUS
562 3953 784 4018 CONTRAOTIS
807 3973 919 4017 INFRA
943 3952 1192 4017 SEPTENNIUM.

149 4129 308 4214 Episcopo
324 4128 561 4214 Herbipolensi.
608 4128 737 4193 Nobilis
761 4129 821 4192 uiri
845 4129 979 4193 Henrici
995 4128 1035 4192 de
1050 4129 1189 4194 Castello
1205 4139 1308 4194 uestre

104 4234 235 4299 diocesis
257 4233 368 4318 petitio
382 4234 564 4298 continebat
578 4231 664 4318 quod
687 4233 764 4297 olim
779 4243 924 4319 parentes
947 4234 1013 4298 cius
1036 4234 1308 4318 comparentibus

106 4337 270 4402 cuiusdam
290 4337 404 4422 puelle,
420 4336 459 4401 de
479 4336 700 4401 contrahendis
723 4360 778 4421 per
795 4338 889 4401 uerba
914 4337 953 4402 de
976 4338 1085 4402 futuro
1108 4337 1309 4422 sponsalibus

107 4444 189 4507 inter
214 4442 319 4527 ipsum
346 4442 402 4527 qui
429 4441 589 4527 septennis
615 4451 681 4506 erat
703 4452 734 4505 et
757 4441 887 4505 eandem
912 4442 1052 4528 puellam
1079 4465 1139 4527 que
1167 4441 1308 4505 nondum

107 4547 197 4612 etatis
226 4569 348 4610 annum
378 4556 549 4632 peregerat,
582 4545 720 4610 habuere
751 4556 927 4611 tractatum.
993 4546 1075 4610 Sane
1105 4568 1178 4609 cum
1208 4544 1311 4610 dictus

105 4649 264 4716 Henricus
286 4661 479 4715 contractum
504 4650 686 4715 huiusmodi
708 4659 812 4714 ratum
837 4651 1019 4714 nullatenus
1043 4650 1216 4732 habuisset,
1236 4673 1312 4714 cum
