3098 5476
170 479 211 543 20
235 494 337 543 XIII.
364 494 415 541 DE
444 492 829 541 nxccttnunwnro.
878 490 969 540 XIV.
998 491 1049 538 DE
1078 489 1366 539 OOGISOBIBUS.

169 663 200 717 et
216 653 357 738 injuncta
377 651 421 716 eis
442 651 615 736 penitentia
632 660 826 736 competente
845 658 994 733 ceterum,
1009 657 1066 715 etc.
1082 669 1184 734 usque
1205 647 1369 714 reducatis.

169 756 233 820 Ille
247 765 352 821 autem
365 778 426 841 que
437 755 569 820 consilio
583 754 631 818 uel
648 754 770 818 auxilio
782 754 861 818 uitio
872 752 1144 818 communicauere
1159 751 1306 838 predicto
1316 775 1371 838 pro

169 860 261 944 culpe
278 859 444 944 participio
459 859 551 923 iuxta
566 869 668 923 uestre
683 857 881 923 discretionis
896 857 1065 922 arbitrium
1083 879 1164 943 pene
1180 856 1372 943 participent

169 964 312 1028 salutari.

631 1069 680 1114 nn
704 1069 836 1115 nonan.
860 1051 917 1132 (3).

216 1226 375 1311 Episcopo
397 1264 537 1290 —-—.
583 1225 637 1288 Ex
660 1233 750 1310 parte
771 1263 903 1273 —
925 1224 1040 1310 prioris
1061 1261 1195 1271 —
1218 1223 1373 1289 Premen-

169 1330 332 1394 stratensis
354 1330 476 1394 ordinis
499 1330 592 1393 nobis
614 1329 721 1393 extitit
745 1329 928 1394 intimatum
943 1326 1029 1414 quod
1045 1328 1124 1392 olim
1139 1337 1292 1413 parentes
1310 1330 1373 1413 ejus

169 1434 273 1519 ipsum
291 1433 375 1498 infra
389 1456 489 1498 annos
504 1442 628 1498 teneros
649 1434 857 1498 constitutum
877 1433 911 1496 iu
928 1432 1152 1497 monasterium
1169 1432 1264 1497 Bone
1288 1432 1371 1519 Spei¹

169 1559 234 1600 non
250 1537 316 1601 sine
332 1537 402 1602 labe
424 1536 604 1622 symoniace
623 1537 789 1622 prauitatis
813 1535 910 1622 recipi
926 1544 1146 1621 procurarunt.
1162 1547 1195 1600 et
1211 1536 1246 1600 in
1264 1537 1372 1601 eodem

170 1640 371 1726 postmodum
386 1640 427 1705 ad
442 1664 550 1706 omnes
565 1663 668 1705 sacros
683 1641 808 1705 ordines
824 1651 869 1705 est
885 1650 1057 1725 promotus
1095 1639 1225 1706 Verum
1241 1663 1318 1705 cum
1332 1639 1372 1705 ad

169 1743 271 1830 ipsius
294 1745 437 1829 peruenit
453 1744 599 1809 notitiam
615 1745 727 1808 uitium
746 1745 777 1809 in
794 1744 842 1808 sui
866 1744 1041 1830 receptione
1063 1753 1263 1809 contractum
1283 1746 1373 1810 cuius

168 1872 186 1913 a
201 1849 358 1934 principio
374 1848 476 1913 fuerat
491 1871 619 1934 prorsus
635 1849 774 1934 ignarus,
791 1848 967 1933 scrupulosi
982 1847 1087 1913 cordis
1102 1847 1291 1913 scandalum
1309 1849 1374 1914 uol-

170 1953 293 2017 untarie
310 1975 387 2038 pene
401 1953 542 2036 subiecit,
553 1954 690 2038 seipsum
706 1962 951 2040 asusceptorum
968 1952 1150 2018 executione
1165 1953 1373 2040 suspendens,

168 2081 223 2143 spe
242 2067 346 2122 tamen
363 2080 425 2122 non
442 2059 573 2122 omnino
588 2057 712 2121 sublata
726 2058 804 2143 quin
821 2058 990 2143 apostolice
1008 2057 1091 2123 sedis
1109 2056 1280 2123 clementia
1296 2058 1373 2124 rele-

169 2171 220 2226 uet
235 2184 329 2247 quem
353 2162 397 2226 sic
419 2161 521 2226 aliena
543 2161 637 2247 culpa
659 2162 778 2228 deiecit.
824 2163 912 2242 Quia
931 2185 1007 2228 uero
1029 2161 1069 2226 de
1090 2162 1373 2248 circumspectione

168 2274 273 2330 uestra
288 2274 373 2330 certa
395 2266 509 2329 fiducia
531 2266 652 2351 geritur
667 2289 725 2331 nos
746 2268 930 2331 auctoritate
952 2266 1074 2331 domini
1097 2289 1178 2352 pape
1199 2268 1374 2333 committi-

171 2392 240 2434 mus
269 2378 424 2455 quatenus
450 2369 583 2434 eundem
611 2370 774 2434 transferri
805 2369 846 2434 ad
875 2370 962 2434 aliud
995 2371 1223 2436 monasterium
1251 2371 1373 2458 equalis

168 2474 367 2538 obseruantia
391 2474 538 2539 facientes
561 2474 688 2539 tandem
704 2483 798 2559 prout
815 2475 925 2539 merita
940 2475 1186 2541 conuersationis
1209 2478 1374 2562 exegerint

169 2601 241 2642 cum
269 2601 304 2643 eo
332 2579 364 2642 in
391 2580 543 2664 susceptis
570 2578 735 2644 ordinibus
761 2578 956 2664 dispensetis.
1014 2579 1164 2644 Ceterum
1190 2589 1248 2646 etc.
1274 2604 1374 2668 usque

169 2682 334 2746 reducatis.

715 2873 824 2938 XIII.

264 3049 321 3113 Dn
345 3069 390 3114 no
411 3069 474 3124 our
497 3048 833 3114 Exconnurucnrus
856 3051 1006 3114 Rncrprr
1029 3050 1274 3119 Bannnrcruu.

212 3224 370 3310 Episcopo
395 3263 536 3287 -—.
587 3224 761 3289 Intellectis
785 3249 846 3311 que
871 3225 960 3290 litere
984 3228 1147 3291 continent
1172 3229 1372 3311 presentibus

167 3329 335 3393 intercluse
361 3331 545 3394 auctoritate
571 3328 693 3394 domini
720 3352 800 3414 pape
826 3330 992 3414 prudentie
1016 3340 1117 3395 uestre
1143 3331 1373 3397 committimus

168 3442 322 3518 quatenus
334 3443 404 3518 post
414 3433 544 3497 liberam
560 3434 825 3497 renunciationem
839 3434 927 3498 illius
939 3435 1077 3499 beneficii
1091 3432 1177 3520 quod
1189 3433 1229 3500 R.
1240 3435 1374 3502 clericus

169 3537 250 3600 lator
266 3539 457 3622 presentium
477 3547 550 3600 ante
574 3538 734 3601 obtentam
751 3537 982 3603 absolutionem
998 3548 1165 3624 receperat,
1181 3537 1221 3602 de
1245 3540 1304 3605 illo
1321 3542 1372 3606 uel

171 3640 210 3726 de
233 3641 296 3705 alio
317 3636 510 3726 prouidentia
533 3641 643 3722 eirlern,
661 3642 685 3705 si
710 3642 796 3705 aliud
821 3644 1006 3706 canonicum
1030 3667 1092 3708 non
1115 3644 1258 3726 obsistat,
1275 3657 1373 3731 prout

174 3767 303 3808 suorum
320 3747 481 3830 exegerint
496 3746 644 3831 suliragia
662 3747 856 3810 meritorum.

718 4027 822 4093 XIV.

471 4199 527 4262 Da
552 4200 779 4265 Occrsonmus
803 4201 1065 4266 Pnnnnronuu.

211 4374 460 4460 Archiepiscopo
477 4375 691 4440 Antibarensi.
736 4377 824 4440 Licet
840 4377 1035 4442 atrocissima
1050 4378 1091 4441 sit
1107 4376 1237 4442 illorum
1253 4377 1373 4445 iniuria

167 4481 222 4565 qui
250 4501 361 4544 manus
385 4479 549 4564 sacrilegas
572 4480 604 4542 in
630 4502 734 4543 necem
757 4481 971 4564 spiritualium
995 4493 1122 4566 patrum
1145 4482 1324 4548 extendunt
1340 4496 1372 4549 et

484 4649 493 4680 ¹
506 4651 550 4701 An
562 4652 645 4717 abboy
658 4652 686 4702 in
699 4652 838 4716 Hainault‚
852 4670 916 4704 near
929 4653 1039 4705 Binche.
