3090 5490
264 538 306 603 86
343 555 744 620 nxx11.,nxx111.nn
772 528 1141 605 nxoouuun1oaro
1169 527 1460 608 cannaparius.

782 818 940 885 LXXII.

259 1027 317 1092 Dn
344 1047 389 1092 so
416 1047 478 1104 our
509 1028 847 1093 Exoouuumoauus
873 1047 918 1092 ss
944 1028 1143 1093 Suspensus
1169 1047 1218 1093 AB
1249 1028 1482 1094 Oamxaaro·

608 1150 673 1198 suo
698 1131 934 1198 Onnnnnavm
958 1133 1107 1199 D1v1rm.

303 1323 554 1409 Archiepiscopo
569 1323 829 1410 Rotbomagensi.
876 1323 916 1387 F.
927 1324 1082 1411 presbiter
1093 1324 1175 1390 lator
1189 1325 1397 1410 presentium,
1408 1327 1461 1413 qui

259 1427 339 1493 sicut
354 1451 394 1493 ex
416 1427 529 1493 litteris
552 1428 666 1493 uestris
687 1429 864 1514 accepimus
887 1428 964 1493 olim
987 1450 1079 1494 asuo
1093 1427 1212 1493 decano
1234 1451 1410 1514 suspensus
1433 1439 1462 1495 et

259 1532 547 1598 excommunicatus
566 1530 704 1598 existens
719 1532 874 1597 celebrare
888 1531 1000 1596 diuina
1014 1533 1217 1618 presumpsit,
1234 1532 1367 1599 domino
1382 1557 1462 1620 pape

258 1635 422 1700 humiliter
442 1634 635 1721 supplicauit
658 1644 693 1699 ut
715 1659 787 1700 cum
810 1637 879 1721 ipso
901 1636 982 1701 clrca
1005 1658 1099 1722 quem
1122 1636 1339 1722 suspensionis
1362 1648 1392 1702 et
1408 1661 1462 1702 ex-

258 1740 552 1806 communicationis
566 1741 736 1805 sententias
752 1739 927 1822 relaxastis,
940 1762 1035 1826 super
1049 1739 1283 1826 irregularitate
1297 1763 1397 1827 quam
1413 1742 1462 1806 in-

258 1853 398 1909 currerat
413 1843 598 1929 dignaretur
620 1843 863 1910 misericorditer
877 1844 1067 1930 dispensare.
1112 1844 1200 1923 Quia
1222 1867 1298 1910 uero
1317 1845 1461 1933 pulsanti

258 1948 303 2013 sic
324 1947 411 2013 decet
434 1948 645 2014 misericordie
667 1949 796 2013 ianuam
818 1949 944 2034 aperiri,
967 1948 1053 2035 quod
1075 1971 1140 2014 non
1163 1948 1308 2014 soluatur
1330 1951 1462 2016 omnino

257 2052 422 2117 uinculum
432 2052 634 2118 ecclesiastice
648 2051 823 2138 discipline,
832 2051 1000 2139 prudentie
1016 2060 1118 2117 uestre
1133 2053 1322 2119 auctoritate
1337 2053 1462 2120 domini

256 2179 338 2243 pape
359 2156 587 2222 committimus
609 2166 764 2243 quatenus
783 2156 905 2242 prefato
919 2179 978 2242 pro
995 2156 1088 2222 modo
1103 2157 1196 2243 culpe
1213 2157 1359 2223 iniuncta
1373 2159 1462 2244 peni-

256 2262 355 2326 tentia
373 2260 564 2347 competenti
584 2283 682 2347 eoque
703 2260 744 2326 ad
767 2271 892 2346 tempus
914 2269 971 2327 etc.
988 2283 1088 2347 usque
1110 2284 1271 2347 suspenso.
1318 2261 1462 2328 Demum

256 2365 284 2430 si
299 2364 383 2430 idem
399 2365 480 2431 bone
496 2365 562 2430 uite
577 2364 674 2430 luerit
689 2373 720 2430 et
734 2365 980 2431 conuersationis
996 2365 1133 2448 honeste,
1149 2365 1212 2431 alio
1227 2367 1379 2432 canonico
1396 2390 1462 2433 non

256 2469 410 2552 obstante,
427 2470 532 2554 ipsum
548 2468 733 2535 admittatis.

766 2833 945 2898 LXXIII.

255 3039 313 3104 Dn
341 3059 387 3106 so
415 3060 478 3118 our
505 3041 667 3106 Iunonis
695 3040 933 3106 Sunusumnn
959 3039 1088 3105 Lanam
1112 3058 1159 3105 AB
1190 3039 1367 3108 Episcopo
1392 3062 1464 3110 suo

581 3146 729 3211 Conana
753 3164 829 3211 uun
853 3164 897 3209 ss
920 3145 1124 3210 Canusium.

297 3336 457 3424 Episcopo
480 3337 668 3404 Mutinensi.
712 3377 844 3387 --
858 3336 1010 3402 diaeonus
1030 3337 1111 3403 lator
1126 3339 1322 3423 presentium
1339 3339 1461 3405 humili

254 3442 346 3509 nobis
361 3443 555 3508 confessione
566 3443 757 3508 monstrauit
766 3441 853 3528 quod
864 3463 937 3506 eum
947 3440 1025 3507 olim
1037 3441 1174 3507 uicarius
1189 3452 1290 3507 uester
1300 3442 1337 3507 in
1349 3443 1461 3530 ipsum

253 3549 437 3614 auctoritate
453 3557 557 3613 uestra
572 3546 907 3612 excommunicationis
923 3547 1111 3611 sententiam
1125 3546 1369 3632 promulgasset,
1388 3548 1461 3634 ipse

253 3660 424 3739 antequam
446 3652 485 3716 ad
509 3652 575 3716 eius
598 3651 791 3737 peruenisset
809 3652 954 3716 notitiam
978 3650 1053 3715 facti
1076 3649 1197 3716 nescius
1220 3651 1252 3714 in
1266 3651 1460 3720 diaconatus

254 3755 356 3821 officio
384 3757 585 3822 ministrauit.
646 3756 774 3824 Verum
801 3779 840 3820 ne
865 3755 999 3820 alicuius
1025 3755 1120 3820 emuli
1149 3755 1260 3841 lingua
1284 3755 1319 3819 in
1347 3756 1459 3842 ipsum

253 3860 385 3925 alicuius
415 3862 607 3926 occasionem
631 3860 835 3925 detractionis
864 3869 1005 3925 assumat
1029 3858 1121 3945 petiit
1144 3858 1185 3923 ad
1215 3859 1371 3925 cautelam
1399 3884 1459 3928 sue

252 3965 429 4030 innocentie
454 3988 472 4028 a
497 3965 579 4030 sedis
602 3965 770 4051 apostolice
795 3963 994 4051 prouidentia
1016 3964 1190 4030 subueniri.
1251 3963 1321 4029 Nos
1345 3976 1457 4031 autem

251 4069 409 4155 prefatum
432 4107 563 4118 —
585 4069 770 4134 auctoritate
787 4069 908 4134 domini
929 4090 1009 4153 pape
1029 4067 1071 4132 ad
1092 4089 1148 4133 uos
1168 4067 1321 4132 duximus
1342 4071 1460 4136 remit·

252 4173 384 4238 tendum
408 4185 508 4238 uestre
535 4173 702 4259 prudentie
728 4173 960 4237 committentes
986 4181 1142 4258 quatenus
1168 4172 1194 4237 si
1217 4180 1263 4238 est
1285 4172 1331 4237 ita
1355 4173 1458 4242 huius

252 4278 586 4344 excommunicationis
619 4278 773 4343 sententia
803 4277 895 4342 iuxta
927 4276 1061 4342 formam
1093 4276 1218 4343 ecclesie
1247 4276 1390 4344 relaxata
1425 4292 1459 4346 et

252 4384 394 4449 iniuncto
424 4383 452 4447 ei
483 4382 568 4468 quod
599 4382 696 4447 fuerit
723 4380 952 4467 iniungendum
978 4380 1018 4444 ad
1049 4381 1147 4467 petita
1172 4380 1288 4466 prefati
1317 4420 1458 4436 --

252 4487 441 4553 desiderium
464 4487 648 4552 admittatis.
