3098 5476
169 541 233 604 114
452 556 537 607 cvr.
564 556 615 604 DE
644 557 693 604 Eo
722 556 794 612 our
823 556 911 606 una
940 557 1010 605 Drn
1039 558 1126 606 nro.

629 783 677 828 DE
699 783 832 831 EODEM.
855 763 912 852 (2).

212 939 461 1026 Archiepiscopo
500 939 687 1004 Arelatensi.
763 941 800 1005 B.
840 939 1012 1005 monachus
1049 940 1232 1005 monasterii
1271 940 1376 1005 uestri

170 1043 293 1109 Montis
323 1043 468 1109 Maioris¹
495 1043 577 1109 lator
603 1045 798 1129 presentium
827 1046 993 1130 proposuit
1022 1067 1127 1109 coram
1158 1045 1253 1109 nobis
1283 1043 1377 1130 quod

169 1149 260 1214 uobis
280 1147 359 1214 olim
373 1148 603 1213 celebrantibus
627 1148 754 1213 ordines
777 1157 895 1213 tractus
917 1171 935 1212 a
955 1149 1048 1214 sociis
1072 1149 1219 1235 quamuis
1244 1149 1378 1212 ieiunus

168 1275 234 1317 non
248 1261 328 1317 esset
344 1251 488 1318 ordinem
503 1252 747 1318 subdiaconatus
769 1253 948 1338 assumpsit.
994 1253 1096 1338 Super
1111 1276 1174 1339 quo
1193 1253 1255 1318 sibi
1278 1253 1378 1339 petiit

162 1356 224 1422 etc.
270 1357 338 1422 Nos
353 1366 458 1422 autem
472 1367 528 1423 etc.
544 1366 697 1443 quatenus
714 1357 855 1422 iniuncta
870 1358 898 1422 ei
915 1368 973 1423 eto.
991 1366 1028 1423 ut
1041 1380 1147 1443 supra.

721 1703 817 1770 CVI.

169 1895 226 1958 DE
252 1913 297 1959 Eo
323 1914 386 1971 our
412 1895 499 1960 UNA
523 1895 594 1959 D1E
619 1894 780 1960 REoErrr
802 1894 972 1959 Mrnans
998 1895 1162 1960 OaDrnEs
1186 1915 1231 1958 Er
1255 1895 1374 1961 Unum

661 2018 709 2063 DE
734 1999 871 2065 Sauara.

213 2174 373 2259 Episcopo
394 2211 534 2239 ——.
592 2173 631 2240 R.
656 2175 819 2259 presbiter,
843 2174 1016 2239 monachus
1040 2173 1080 2239 de
1102 2211 1234 2223 —-—
1257 2174 1372 2238 humili

169 2279 260 2343 nobis
286 2278 478 2343 confessione
506 2279 694 2342 monstrauit
719 2279 804 2365 quod
831 2280 898 2364 ipse
925 2278 1002 2343 olim
1029 2279 1160 2364 receptis
1192 2279 1372 2344 minoribus

169 2406 233 2448 una
262 2382 313 2447 die
342 2382 381 2446 ad
412 2383 642 2468 suggestionem
669 2382 831 2447 cuiusdam
863 2383 1008 2448 monachi
1040 2383 1095 2468 qui
1128 2384 1278 2468 magister
1305 2394 1372 2448 erat

169 2488 277 2573 ipsius,
293 2487 362 2572 ipsa
383 2486 435 2550 die
457 2486 600 2551 ordinem
623 2485 866 2551 subdiaconatus
888 2488 1003 2572 recepit
1014 2513 1023 2568 ;
1045 2496 1166 2551 etcum
1190 2496 1272 2552 esset
1292 2510 1372 2573 puer

169 2590 372 2678 postmodum
402 2592 435 2653 in
461 2590 614 2677 quosdam
641 2591 811 2657 monachos
841 2613 906 2656 non
934 2591 1001 2655 sine
1030 2591 1195 2676 sanguinis
1220 2591 1372 2656 effusione

169 2718 282 2759 manus
296 2695 451 2759 uiolentas
470 2695 575 2758 iniecit
589 2704 620 2758 et
635 2695 844 2760 absolutionis
866 2695 1015 2760 beneficio
1031 2694 1146 2759 exinde
1161 2717 1225 2760 non
1242 2695 1371 2761 obtento

168 2799 209 2864 ad
228 2799 307 2864 alios
329 2821 431 2863 sacros
454 2799 590 2881 accessit,
607 2799 791 2864 ministrans
814 2798 1042 2864 nichilominus
1066 2799 1097 2862 in
1114 2798 1243 2864 eisdem.
1291 2800 1372 2864 Sane

169 2926 242 2967 cum
267 2903 307 2967 ab
336 2903 659 2968 excommunicatione
688 2904 730 2966 sit
756 2904 846 2967 iuxta
873 2903 1009 2968 formam
1039 2903 1164 2968 ecclesie
1194 2903 1370 2987 absolutus,

169 3029 264 3093 super
278 3007 510 3092 irregularitate
532 3007 593 3071 sibi
616 3008 708 3092 petiit
729 3030 802 3071 curn
826 3008 928 3072 multa
950 3008 1103 3072 instantia
1125 3007 1372 3094 dispensationis

170 3112 298 3176 ianuam
320 3111 445 3198 aperiri.
490 3109 560 3176 Nos
582 3111 779 3176 attendentes
801 3111 887 3198 quod
911 3112 1056 3197 religioni
1080 3112 1171 3177 fauor
1194 3121 1242 3176 est
1264 3113 1369 3198 proxi-

170 3239 239 3280 mus
254 3217 437 3281 auctoritate
452 3214 573 3279 domini
589 3238 670 3301 pape
685 3216 777 3280 uobis
800 3217 1028 3281 committimus
1049 3226 1205 3302 quatenus
1227 3217 1371 3281 iniuncta

170 3322 199 3384 ei
221 3330 277 3385 etc.
300 3343 398 3406 usque
421 3342 583 3406 suspenso.
628 3318 771 3384 Demum
792 3330 849 3385 etc.
870 3343 967 3405 usque
989 3321 1129 3398 obsistat,
1145 3343 1218 3385 oum
1241 3322 1312 3407 ipso
1334 3321 1373 3386 de

171 3424 386 3489 misericordia
409 3423 606 3509 dispensetis.

556 3589 558 3593 ’
631 3618 677 3662 DE
700 3618 832 3665 EODEM.
858 3601 915 3686 (2).

214 3773 335 3837 Abbati
352 3772 459 3838 Sancti
476 3773 573 3840 Galli.
620 3774 674 3838 Ex
689 3785 796 3840 tenore
812 3774 989 3840 litterarum
1006 3785 1181 3840 uestrarum
1194 3779 1373 3863 accepimus

171 3877 256 3963 quod
279 3877 311 3942 S.
328 3878 500 3942 monachus
524 3879 705 3943 monasterii
729 3880 825 3944 uestri
849 3903 913 3943 una
930 3879 982 3943 die
1003 3879 1128 3945 ordines
1151 3881 1320 3947 acolitatus
1342 3893 1373 3947 et

170 3980 414 4046 subdiaconatus
443 3983 622 4067 assumpsit,
651 3991 681 4046 et
710 3992 880 4068 antequam
910 4007 1005 4069 super
1035 3984 1097 4049 hiis
1127 3984 1373 4070 dispensationis

171 4086 306 4171 gratiam
333 4086 489 4150 obtineret
512 4086 552 4151 ad
579 4087 658 4151 alios
685 4109 788 4152 sacros
814 4088 941 4152 accessit
964 4100 995 4152 et
1020 4089 1216 4153 ministrasit
1238 4090 1374 4156 nichilo-

204 4292 283 4346 ¹Tbe
305 4302 379 4360 great
401 4294 573 4347 Benedictine
596 4295 678 4361 abbey
698 4296 728 4346 of
748 4296 936 4361 Montmajour,
957 4312 1022 4348 near
1041 4297 1127 4362 Aries,
1148 4297 1263 4349 claimed
1287 4317 1315 4350 as
1339 4299 1373 4351 its

170 4378 282 4429 founder
298 4378 385 4429 either
402 4378 438 4429 St.
451 4379 619 4444 Trophimus,
633 4379 689 4430 first
706 4378 802 4445 bishop
820 4380 850 4430 of
864 4379 949 4444 Arles,
963 4397 994 4431 or
1010 4381 1047 4432 St.
1060 4380 1160 4447 Hilary
1172 4382 1202 4432 of
1217 4383 1304 4434 Arles.
1339 4383 1372 4435 In

170 4461 265 4527 reality
276 4461 299 4511 it
310 4479 361 4513 was
372 4461 487 4513 founded
504 4462 533 4512 in
546 4462 602 4513 948.
638 4462 677 4513 Its
695 4462 769 4514 ruins
786 4480 831 4514 are
848 4463 904 4514 still
922 4463 1056 4530 imposing
1075 4463 1204 4530 (Fisquet,
1217 4465 1259 4518 La
1270 4466 1372 4519 France

170 4544 332 4609 Pontificale‚
345 4545 430 4610 Arles,
443 4563 468 4611 p.
481 4545 551 4609 766).
586 4545 643 4597 One
655 4546 685 4596 of
700 4546 746 4597 the
764 4547 871 4598 earliest
887 4555 977 4612 granta
994 4548 1024 4598 of
1039 4547 1209 4613 indulgences
1227 4566 1263 4600 on
1281 4550 1373 4602 record

170 4628 193 4678 is
205 4646 221 4679 a
232 4628 337 4680 charter
348 4636 375 4680 to
388 4629 433 4681 the
451 4628 533 4695 abbey
545 4629 580 4695 by
591 4628 662 4680 Pons
674 4629 845 4696 Archbishop
863 4631 893 4681 of
907 4631 992 4695 Arles
1005 4630 1085 4683 about
1096 4631 1143 4683 the
1160 4649 1225 4698 year
1238 4634 1311 4698 1000,
1325 4633 1373 4685 but

170 4711 193 4761 it
204 4711 226 4762 is
238 4728 272 4762 an
283 4711 391 4764 evident
401 4713 507 4778 forgery
520 4713 680 4779 (D’thery,
694 4713 876 4779 spicilegium,
890 4714 920 4765 T.
934 4714 1026 4780 111.p.
1039 4715 1113 4780 383).
