3098 5476
702 532 1037 583 clx.-cx.-oxl.

824 794 921 860 CIX.

555 990 612 1053 Du
636 989 767 1053 Eonnu
789 1006 855 1052 sm>
879 987 994 1051 Mnnn
1017 986 1195 1052 Pnouoro.

315 1165 475 1252 Episcopo
496 1204 637 1229 —.
687 1163 813 1228 Latoris
836 1162 1028 1248 presentium
1052 1163 1163 1248 petitio
1184 1163 1367 1228 continebat
1392 1162 1483 1248 quod

271 1271 340 1358 ipse
369 1271 447 1336 olim
479 1269 656 1334 minoribus
686 1267 852 1333 ordinibus
885 1267 926 1331 ab
955 1276 1148 1331 antecessore
1178 1277 1282 1332 uestro
1313 1268 1483 1353 susceptis,

271 1375 435 1441 transtulit
459 1397 491 1439 se
517 1373 557 1437 ad
583 1383 688 1459 partes
711 1371 835 1457 Apulie
859 1371 968 1457 ibique
991 1370 1189 1457 aliquamdiu
1212 1393 1333 1436 moram
1360 1371 1484 1436 faciens

272 1502 330 1566 per
353 1516 485 1528 --
511 1476 808 1563 Laquedoniensem
838 1476 1021 1562 episcopum
1051 1475 1177 1541 statutis
1207 1476 1408 1562 temporibus
1440 1476 1483 1540 ad

271 1606 376 1651 sacros
405 1583 531 1648 ordines
562 1590 727 1667 promotus
757 1580 820 1644 fuit
849 1581 969 1665 absque
1001 1580 1079 1645 uitio
1109 1580 1262 1665 symonie,
1292 1581 1484 1646 ministrans

273 1688 500 1753 nichilominus
522 1687 557 1749 in
572 1684 699 1750 eisdem.
746 1684 850 1770 Super
865 1685 982 1770 quibus
1004 1684 1173 1769 apostolice
1195 1684 1278 1749 sedis
1300 1686 1482 1751 misericor·

271 1792 360 1857 diam
375 1791 561 1878 implorauit
576 1800 685 1876 petens
707 1788 873 1852 humiliter
888 1790 954 1853 eius
977 1788 1060 1853 sedis
1083 1788 1285 1874 prouidentia
1300 1790 1481 1855 subueniri.

272 1898 341 1962 Nos
364 1905 470 1961 autern
492 1893 660 1981 prudentie
683 1902 786 1958 uestro
808 1892 993 1957 auctoritate
1006 1892 1129 1957 domini
1144 1915 1225 1979 pape
1246 1895 1484 1959 committimus

273 2010 429 2088 quatenus
451 2010 618 2085 postquam
635 1997 777 2084 prefatus
800 1996 834 2060 in
850 1996 961 2061 ordine
976 1997 1176 2062 Cisterciensi
1200 1997 1251 2062 uel
1268 1997 1482 2083 (lartusiensi,

274 2106 413 2171 fratrum
424 2103 654 2191 predicatorum
671 2111 727 2166 aut
739 2101 875 2165 fratrum
888 2102 1047 2166 minorum
1062 2124 1116 2166 seu
1133 2102 1481 2168 Premonstratensium

274 2210 423 2276 habitum
439 2207 617 2294 regularem
632 2205 804 2291 susceperit
818 2215 849 2269 et
864 2205 1024 2291 professus
1040 2205 1137 2270 fuerit
1152 2206 1185 2269 in
1201 2206 1322 2290 eodem,
1336 2207 1483 2273 iniuncta

273 2317 302 2381 ei
318 2313 494 2401 penitentia
509 2311 640 2377 salutari
656 2320 714 2375 etc.
732 2332 832 2396 usque
847 2309 1031 2375 admittatis.

840 2657 915 2725 ΟΧ.

585 2850 642 2913 Dn
666 2849 866 2914 Monoouno
890 2869 958 2913 mn
983 2850 1163 2916 Paonoro.

321 3028 482 3115 Episcopo
506 3024 731 3091 Suessionensi.
778 3025 863 3094 Viso
884 3025 1112 3111 impedimento
1127 3026 1181 3092 W.
1199 3027 1345 3091 monachi
1363 3030 1481 3115 presbi-

276 3133 336 3197 teri
352 3132 462 3197 latoris
477 3131 671 3216 presentium
686 3129 793 3215 ipsum
808 3129 850 3194 ad
866 3152 923 3194 uos
937 3129 1090 3194 duximus
1106 3129 1332 3195 remittendum
1347 3134 1481 3200 auctori·

277 3246 342 3302 tate
352 3236 473 3301 domini
486 3258 566 3320 pape
581 3244 683 3298 uestre
697 3233 895 3319 prouidentie
905 3234 1134 3299 committentes
1143 3245 1299 3320 quatenus
1310 3247 1480 3324 postquam

278 3341 362 3406 idem
388 3340 532 3404 habitum
556 3323 717 3423 religiodis
738 3339 944 3423 assumpserit
966 3348 996 3402 et
1017 3338 1176 3423 professus
1199 3339 1295 3404 fuerit
1316 3364 1388 3405 cum
1411 3343 1481 3428 ipso

277 3445 360 3510 circa
382 3445 432 3508 sui
456 3433 670 3508 executionem
697 3441 793 3507 officii
820 3441 1064 3507 misericorditer
1085 3442 1283 3529 dispensetis,
1308 3445 1352 3510 ita
1375 3456 1480 3512 tamen

278 3549 365 3635 quod
388 3557 479 3613 extra
502 3548 686 3633 religionem
711 3546 762 3610 uel
786 3546 906 3632 populo
929 3570 991 3612 non
1018 3547 1183 3612 ministret.

831 3879 927 3944 CXI.

393 4070 451 4135 Dn
474 4090 520 4136 no
543 4089 606 4146 our
632 4070 825 4136 Cannense
848 4091 889 4135 mr
912 4073 1059 4136 Onmnn
1081 4091 1155 4136 non
1179 4070 1369 4140 Soscumo.

324 4247 448 4311 Abbati
473 4246 513 4311 de
540 4248 620 4311 Orta
647 4246 950 4312 Premonstratensis
976 4248 1108 4312 ordinis.
1160 4248 1261 4314 Lator
1286 4251 1483 4334 presentium

280 4351 432 4417 diaconus
469 4350 640 4415 monachus
678 4352 859 4416 monasterii
890 4353 988 4417 uestri
1020 4351 1135 4416 humili
1165 4352 1256 4417 nobis
1286 4353 1484 4420 confessione

281 4457 471 4523 monstrauit
501 4455 586 4541 quod
617 4455 683 4540 ipse
713 4456 791 4520 olim
820 4479 839 4520 a
870 4457 1060 4522 monasterio
1090 4467 1195 4521 uestro
1224 4457 1323 4520 animi
1355 4457 1484 4524 leuitate

281 4561 416 4644 recessit,
433 4570 465 4625 et
479 4560 533 4623 diu
559 4560 590 4622 in
611 4558 795 4625 sacerdotali
819 4561 1012 4646 presumpsit
1027 4560 1130 4626 officio
1146 4561 1337 4644 ministrare,
1353 4573 1485 4649 propter

281 4665 367 4752 quod
399 4664 562 4728 humiliter
585 4665 729 4749 penitens
755 4663 837 4729 sedis
864 4666 1033 4751 apostolice
1059 4666 1259 4730 clementiam
1285 4666 1367 4732 adiit
1392 4669 1483 4732 mise-
