3098 5476
254 527 296 595 74
341 543 446 594 LVII.
472 545 523 592 DE
551 542 1037 593 reseruemus-LVIII.
1060 543 1110 590 DE
1139 543 1425 593 PERGUTIONE.

252 703 407 768 abstinuit
427 711 613 783 reuerenter‚
629 723 723 788 super
737 701 854 787 quibus
876 701 937 765 sibi
960 700 1051 787 petiit
1073 701 1205 767 salutari
1226 701 1360 767 consilio
1383 725 1450 787 pro·

253 806 365 872 uideri.
411 806 481 872 Nos
503 815 608 870 autem
631 805 790 891 prefatum
806 842 938 855 —-
956 807 1141 871 auctoritate
1163 805 1287 872 domini
1310 829 1393 892 pape
1414 807 1452 870 ab

252 910 577 977 excommunicatione
598 932 694 996 quam
709 919 840 995 propter
856 909 996 996 predicta
1012 910 1187 975 incurrerat
1202 911 1294 975 iuxta
1317 910 1452 975 formam

252 1014 377 1080 ecclesie
388 1013 540 1079 duximus
551 1013 780 1078 absoluendum
792 1025 823 1078 et
831 1013 873 1078 ad
885 1036 941 1079 uos
953 1014 1144 1079 remittimus
1155 1014 1340 1080 absolutum
1352 1023 1453 1080 uestre

253 1118 421 1206 prudentie
435 1118 666 1184 committentes
680 1128 836 1204 quatenus
851 1119 994 1183 iniuncta
1008 1118 1037 1183 ei
1052 1127 1109 1184 etc.
1125 1141 1225 1205 usque
1239 1118 1427 1184 admittatis.

728 1314 977 1322 ——-——-—
989 1321 992 1325 ,

795 1447 911 1513 LVII.

273 1645 331 1708 Dn
354 1643 483 1707 Ecnnu
506 1660 551 1705 nn
573 1660 621 1705 nn
644 1641 843 1706 Bnunmcio
864 1643 1126 1707 Ansonu‘nouls
1148 1661 1198 1707 An
1222 1642 1438 1708 Csurnnsn.

297 1819 456 1905 Episcopo
485 1853 626 1880 -—.
693 1816 746 1880 Ex
776 1826 866 1902 parte
895 1815 936 1883 R.
964 1818 1131 1903 presbiteri
1161 1816 1201 1882 de
1229 1855 1364 1868 ——
1394 1818 1453 1883 fuit

252 1923 450 2010 propositum
481 1943 586 1986 coram
617 1919 710 1986 nobis
739 1920 825 2007 quod
851 1921 924 1986 licet
948 1922 1015 2009 ipse
1041 1944 1105 1987 non
1130 1920 1255 1986 dubitet
1282 1921 1371 2008 quod
1396 1946 1452 2009 pro

252 2028 393 2093 uiolenta
408 2048 563 2090 manuum
577 2025 745 2090 iniectione
766 2025 799 2088 in
815 2024 944 2091 clericos
966 2026 1095 2091 uinculo
1118 2027 1452 2092 excommunicationis

199 2133 201 2138 ’
252 2133 398 2199 astrictus
428 2129 555 2197 ordines
583 2129 735 2215 acceperit
761 2151 826 2194 non
857 2130 980 2195 solutus
1010 2139 1041 2195 et
1071 2129 1267 2196 ministrauit
1294 2130 1392 2195 etiam
1420 2131 1452 2195 in

252 2236 379 2318 eisdem,
395 2247 501 2300 tamen
517 2233 591 2320 quia
609 2233 764 2298 bonarum
782 2234 935 2298 mentium
951 2243 997 2300 est
1013 2234 1058 2298 ibi
1080 2234 1191 2320 culpas
1213 2256 1383 2319 agnoscere
1399 2235 1453 2300 ubi

252 2341 344 2427 culpa
361 2362 423 2405 non
438 2346 494 2420 est,
511 2336 703 2423 supplicauit
726 2336 889 2402 humiliter
904 2337 966 2403 sibi
988 2337 1027 2403 ad
1051 2338 1205 2402 cautelam
1220 2346 1251 2402 et
1266 2338 1452 2404 beneficium

252 2442 460 2511 absolutionis
477 2440 619 2527 impendi
634 2450 665 2506 et
679 2440 923 2526 dispensationis
939 2441 1066 2506 ianuam
1083 2442 1208 2528 aperiri.
1255 2443 1289 2506 N
1291 2465 1326 2508 os
1349 2453 1453 2509 autem

253 2547 419 2637 prudentie
437 2556 539 2612 uestre
557 2545 742 2610 auctoritate
757 2545 879 2610 domini
895 2568 976 2632 pape
997 2546 1226 2613 committimus
1250 2557 1407 2634 quatenus
1428 2548 1453 2613 si

252 2652 374 2739 aliquid
400 2651 586 2716 canonicum
611 2672 673 2715 non
701 2649 834 2715 obsistat
860 2648 901 2713 ad
927 2650 1025 2736 petita
1051 2650 1166 2736 prefati
1193 2651 1234 2717 R.
1260 2650 1452 2717 desiderium

253 2755 437 2823 admittatis.

784 3049 926 3115 LVIII.

315 3259 372 3324 Dn
402 3279 447 3324 no
477 3278 540 3336 om
572 3258 742 3327 Onnnnus
774 3257 994 3323 Pnncurnnn
1024 3258 1182 3324 Lnucuu
1214 3259 1398 3326 Puncunrn

756 3361 956 3427 Cnnnrcuu.

301 3540 459 3626 Episcopo
481 3575 620 3603 —-.
666 3536 745 3601 Fuit
767 3537 964 3623 propositum
988 3560 1093 3602 coram
1116 3537 1209 3604 nobis
1230 3539 1319 3626 quod
1342 3564 1452 3606 manus

256 3668 353 3732 quam
368 3643 556 3708 extendebat
572 3643 603 3705 in
621 3642 748 3726 laycum
772 3641 896 3707 lubrico
919 3641 1164 3727 improuidentie
1185 3642 1309 3728 dilapsa
1332 3645 1366 3709 in
1389 3669 1454 3711 mo-

257 3749 394 3815 nachum
416 3749 450 3812 in
472 3770 578 3812 casum
603 3746 713 3810 incidit
728 3769 823 3832 quem
838 3769 902 3811 non
927 3746 1083 3832 preuidit:
1108 3770 1203 3833 super
1218 3772 1282 3835 quo
1298 3748 1453 3836 siquidem

257 3854 392 3919 dubium
414 3851 635 3916 conscientiam
658 3860 790 3937 premat,
813 3851 905 3937 petiit
926 3849 1125 3936 prouidentie
1147 3851 1285 3919 remedio
1308 3853 1454 3920 releuari.

258 3959 345 4037 Quia
369 3980 444 4022 uero
468 3957 501 4020 in
526 3956 644 4020 talibus
669 3978 898 4042 nonnunquam
923 3956 1022 4020 animi
1047 3954 1164 4021 iudicio
1188 3965 1300 4041 statur,
1317 3968 1349 4024 et
1375 3959 1455 4025 iacta

258 4062 426 4127 intentioni
442 4060 632 4142 deseruiunt,
649 4082 712 4124 non
729 4069 912 4145 reputamus
928 4058 1085 4145 prefatum
1103 4058 1146 4124 G.
1164 4060 1198 4124 in
1214 4083 1286 4126 casu
1302 4064 1455 4148 premisso

257 4165 590 4237 excommunicationis
613 4164 776 4228 uinculum
800 4165 977 4246 incurrisse,
993 4186 1065 4228 cum
1086 4187 1149 4230 non
1169 4165 1348 4233 intenderet
1363 4167 1455 4233 illum

257 4271 407 4357 impetere
421 4291 516 4356 quem
530 4291 630 4334 canon
645 4268 827 4354 priuilegiat
842 4268 994 4333 sententie
1008 4267 1226 4354 promulgate:
1242 4292 1357 4336 manus
1371 4273 1454 4337 enim

257 4375 396 4442 deuiatio
411 4397 476 4440 non
490 4372 699 4459 condempnat
714 4396 808 4459 quem
824 4373 1009 4438 intentionis
1023 4372 1154 4439 directio
1172 4396 1234 4440 non
1250 4385 1386 4442 accusat.
