3098 5476
279 506 321 571 98
565 519 726 570 xxxxv.
755 520 806 567 un
834 518 1188 569 concuurnsarrs.

278 702 330 744 cos
356 687 459 744 uentre
485 677 615 744 diocesis
641 678 975 744 excommunicationis
1001 679 1188 743 sententiam
1212 677 1366 743 tulissetis
1397 677 1483 742 idem

279 783 445 848 mulierem
470 781 630 868 quandam
661 781 789 868 quando
820 783 853 846 in
882 782 978 848 domo
1008 783 1137 868 propria
1163 780 1292 868 quando
1321 783 1356 846 in
1387 782 1483 848 domo

277 888 379 974 patris
408 886 548 952 eiusdem
572 887 703 951 retinuit
725 887 830 951 carnis
857 886 1014 951 lubricum
1042 909 1106 951 non
1133 886 1303 953 declinans.
1350 886 1484 955 Verum

277 1014 350 1056 cum
366 992 393 1056 ei
416 991 589 1057 concubine
611 1014 726 1056 nomen
743 1013 805 1056 non
822 990 945 1056 dederit
960 1013 996 1056 eo
1014 989 1101 1077 quod
1123 1013 1188 1055 non
1204 991 1355 1056 continue
1378 991 1483 1077 ipsam

278 1096 312 1159 in
324 1096 419 1161 domo
433 1095 563 1182 propria
578 1095 733 1160 retinebat
748 1095 886 1180 predicte
901 1095 1055 1160 sententie
1070 1117 1133 1160 non
1149 1094 1295 1160 credebat
1311 1095 1483 1160 uinculum

278 1199 454 1282 incurrisse,
469 1208 502 1265 et
515 1199 702 1264 conscientie
717 1221 772 1264 sue
787 1198 969 1265 huiusmodi
985 1197 1171 1264 credulitate
1186 1199 1352 1265 blanditus
1369 1198 1482 1265 diuina

278 1303 448 1368 celebrauit
462 1302 564 1368 officia
579 1327 643 1369 non
660 1303 791 1369 solutus.
836 1302 938 1390 Super
953 1326 1017 1390 quo
1031 1302 1225 1389 supplicauit
1239 1303 1406 1369 humiliter
1422 1304 1482 1368 sibi

278 1407 446 1493 apostolice
469 1407 551 1473 sedis
575 1407 776 1494 prouidentia
800 1407 971 1472 subueniri.
1021 1407 1091 1472 Nos
1113 1416 1219 1472 autem
1244 1416 1300 1474 etc.
1325 1418 1482 1494 quatenus

279 1510 418 1596 predicta
433 1511 587 1576 sententia
601 1511 692 1576 iuxta
710 1511 845 1576 formam
866 1511 991 1576 ecclesie
1009 1511 1149 1575 relaxata
1163 1534 1199 1575 ac
1217 1511 1362 1576 iniuncta
1378 1512 1407 1576 ei
1426 1520 1482 1578 etc.-

278 1614 406 1680 demum
430 1614 597 1680 sufficienti
619 1615 660 1680 ab
682 1638 718 1680 eo
740 1624 797 1680 etc.
822 1637 922 1702 usque
944 1614 1130 1681 admittatis.

739 1826 788 1871 un
812 1825 943 1872 nonum.
968 1805 1025 1894 (2).

323 1982 481 2068 Episcopo
498 1981 713 2047 Oabilcnensi.
750 2020 882 2030 -—
895 1982 1050 2068 presbiter
1061 1981 1143 2046 lator
1154 1982 1350 2068 presentium
1366 1982 1481 2048 humili

278 2085 370 2151 nobis
384 2086 576 2151 confessione
588 2086 778 2152 monstrauit
787 2084 873 2171 quod
885 2108 957 2150 cum
970 2108 1026 2152 nos
1038 2086 1115 2151 olim
1127 2085 1161 2150 in
1173 2086 1364 2172 presbiteros
1377 2096 1480 2152 uestre

278 2190 409 2256 diocesis
425 2190 575 2255 habentes
586 2191 618 2253 in
631 2189 779 2256 domibus
794 2190 932 2276 propriis
944 2189 1133 2255 concubinas
1145 2191 1480 2256 excommunicationis

279 2296 466 2359 sententiam
477 2294 628 2359 tulissetis
644 2293 728 2358 idem
739 2293 900 2380 quandam
911 2316 1007 2380 quam
1019 2317 1075 2380 per
1086 2294 1285 2379 septennium
1300 2303 1375 2359 ante
1390 2294 1480 2359 dimi-

278 2408 361 2464 serat
377 2421 434 2484 per
451 2408 588 2484 quatuor
606 2398 672 2464 dies
696 2402 729 2462 in
752 2399 881 2484 propria
902 2398 998 2463 domo
1020 2398 1161 2480 retinuit,
1178 2399 1211 2462 in
1235 2398 1354 2484 quibus
1377 2399 1480 2464 carnis

279 2502 437 2567 lubricum
454 2526 517 2567 non
534 2503 659 2567 uitauit.
691 2502 819 2570 Verum
830 2524 903 2567 cum
914 2502 942 2566 ei
957 2524 1073 2568 nomen
1084 2512 1141 2568 etc.
1153 2525 1252 2588 usque
1266 2526 1332 2568 non
1348 2503 1480 2570 solutus.

279 2605 382 2692 Super
392 2630 456 2692 quo
470 2606 661 2692 supplicauit
675 2615 732 2670 etc.
768 2605 837 2672 Nos
852 2616 958 2671 autem
973 2615 1029 2671 etc.
1040 2616 1195 2692 quatenus
1210 2606 1334 2691 prefato
1347 2646 1480 2665 —-

279 2709 320 2775 ab
336 2709 517 2776 huiusmodi
542 2711 697 2776 sententia
712 2711 803 2775 iuxta
819 2710 955 2775 formam
970 2710 1096 2776 ecclesie
1110 2709 1281 2776 absolutus·
1290 2720 1321 2775 et
1336 2711 1480 2777 iniuncto

279 2814 307 2879 ei
331 2813 417 2900 quod
439 2814 557 2879 talibus
581 2815 744 2880 consueuit
767 2814 902 2900 iniungi,
918 2815 985 2900 ipse
1011 2815 1038 2879 si
1063 2815 1216 2901 presentis
1239 2815 1306 2879 uite
1331 2817 1480 2885 meritum

278 2918 405 3004 culpam
435 2919 582 3004 preterite
613 2918 744 2984 redimet
774 2918 924 3005 aliudque
954 2919 1141 2984 canonicum
1170 2942 1236 2984 non
1266 2919 1409 3004 obsistat,
1440 2920 1480 2986 ad

278 3021 523 3108 dispensationis
545 3024 681 3109 gratiam
704 3022 890 3088 admittatis.

785 3334 974 3402 LXXXV.

345 3528 402 3592 Du
425 3547 470 3593 uo
493 3547 555 3604 our
578 3529 781 3593 Rasunrsrr
805 3527 1047 3594 consumamur
1069 3547 1172 3604 nunu
1196 3529 1417 3596 Amunnvru.

322 3703 482 3790 Episcopo
503 3741 644 3766 —.
696 3701 796 3768 Lator
819 3704 1011 3789 presentium
1035 3703 1148 3767 humili
1172 3704 1263 3769 nobis
1284 3703 1481 3772 confessione

279 3809 470 3873 monstrauit
484 3808 568 3894 quod
592 3808 659 3894 ipse
681 3807 768 3890 olim,
784 3817 855 3893 post
873 3808 1061 3873 seutentiam
1082 3808 1163 3873 bone
1186 3808 1335 3874 memorie
1357 3808 1481 3875 domini

279 3909 413 3999 G[uale]
431 3911 465 3975 in
477 3912 714 3977 concubinarIos
729 3910 974 3998 promulgatam,
984 3912 1192 3979 concubinam
1205 3935 1301 3999 quam
1317 3913 1482 3979 abiurauit

278 4014 319 4080 ad
343 4016 472 4081 thorum
498 4015 607 4080 illicite
630 4016 868 4081 commixtionis
894 4016 1031 4098 admisit,
1047 4026 1078 4082 et
1101 4017 1232 4103 ignarus
1262 4017 1342 4082 iuris
1368 4017 1481 4084 diuina

279 4119 448 4198 celebrauit
463 4118 564 4185 officia
587 4143 650 4186 non
674 4120 805 4186 solutus.
852 4119 935 4186 Sane
957 4144 1029 4185 cum
1051 4122 1134 4187 circa
1156 4121 1261 4207 ipsum
1284 4121 1326 4186 sit
1340 4121 1482 4208 predicte

277 4225 431 4289 sententie
454 4224 618 4288 uinculum
640 4224 732 4289 iuxta
748 4225 884 4291 formam
905 4225 1029 4290 ecclesie
1052 4225 1229 4290 relaxatum
1244 4235 1276 4291 et
1289 4225 1331 4291 ad
1355 4226 1480 4314 frugem

279 4328 418 4394 melioris
432 4329 499 4394 uite
509 4325 681 4393 ¹conuersus
695 4329 887 4394 continentie
904 4329 1031 4414 cingulo
1046 4330 1230 4395 astrinxerit
1245 4329 1372 4396 lumbos
1395 4354 1479 4415 suos,

279 4431 443 4496 humiliter
457 4433 548 4519 petiit
563 4454 668 4497 secum
690 4456 784 4519 super
806 4433 1039 4518 irregularitate
1061 4441 1221 4498 contracta
1235 4434 1480 4502 misericorditer

277 4536 462 4622 dispensari.
508 4536 578 4602 Nos
599 4545 705 4602 autem
728 4545 784 4601 etc.
802 4548 956 4622 quatenus
978 4535 1120 4602 iniuncta
1143 4537 1172 4602 ei
1193 4560 1253 4624 pro
1268 4538 1361 4625 culpe
1384 4539 1480 4606 modo

278 4641 450 4725 penitentia
461 4641 650 4727 competenti
660 4662 759 4726 eoque
769 4639 810 4706 ad
825 4649 949 4726 tempus
960 4649 1017 4706 etc.
1030 4663 1131 4727 usque
1144 4639 1305 4729 suspenso.
1338 4643 1479 4711 Demum
