3098 5476
170 504 211 568 58
246 520 402 568 XXXIX.
425 521 476 569 DE}
502 521 947 573 REOONCILIATO.—XL.
972 524 1023 571 DE
1047 525 1178 573 FILIIS
1201 525 1354 574 HAEBET.

169 679 335 765 deputatos
358 680 494 764 accessit,
518 689 550 745 et
572 703 678 746 coram
702 681 747 746 eis
776 681 836 746 sub
859 681 966 768 sigillo
991 683 1197 750 confessionis
1227 687 1358 770 aperiens

169 783 306 869 qualiter
317 806 426 849 eorum
441 807 545 849 errore
559 784 742 867 credidelat,
755 785 899 850 abiurata
911 809 1041 872 prorsus
1057 787 1192 853 heretica
1203 790 1357 874 pronitate,

135 918 143 936 =
170 889 343 972 penitentia
357 888 417 954 sub
431 899 514 953 certa
530 889 632 954 forma
647 899 800 976 suscepta,
811 891 843 954 in
860 914 968 956 eorum
983 891 1096 957 litteris
1111 893 1359 979 comprehensam

171 993 257 1079 [εἰσ]
305 991 419 1079 Sicque
434 992 542 1058 habita
557 995 721 1058 securitate
736 1017 792 1080 per
803 994 924 1060 litteras
939 995 1023 1080 ipsas
1038 997 1071 1059 in
1086 996 1225 1061 Francia
1240 1007 1286 1062 est
1297 1021 1360 1084 pro·

171 1097 279 1180 fectus,
295 1106 326 1161 et
348 1097 420 1161 licet
444 1096 486 1161 ihi
509 1106 661 1183 tanquam
681 1098 731 1161 uir
745 1098 917 1163 catholicus
940 1099 1051 1164 infide
1074 1099 1196 1165 Christi
1219 1115 1359 1181 maneret,

169 1201 305 1266 abdicati
320 1201 444 1266 erroris·
451 1201 582 1287 uestigia
595 1201 684 1265 nulla
699 1203 871 1288 requirens,
883 1202 1108 1268 nichilominus
1122 1215 1230 1269 tamen
1243 1205 1283 1269 ad
1294 1229 1360 1292 qno·

171 1304 307 1369 rundam
330 1304 507 1369 emulorum
528 1305 722 1386 instantiam,
738 1306 793 1391 qui
816 1329 890 1370 eum
911 1306 1082 1371 hereticum
1105 1308 1299 1374 mendaciter
1320 1333 1363 1374 as·

170 1409 324 1493 serebant,
335 1410 440 1496 ipsum
455 1409 523 1495 capi
541 1408 656 1474 fecistis
671 1419 701 1474 et
715 1410 861 1475 carcerali
876 1410 1015 1476 custodie
1031 1412 1177 1498 mancipi.
1221 1412 1363 1478 Ceterum

172 1537 211 1579 ne
237 1514 277 1578 ad
304 1513 417 1578 falsam
443 1512 634 1578 delationem
658 1515 824 1599 puniretur
846 1514 976 1579 illorum
999 1516 1057 1601 qui
1080 1515 1148 1581 sine
1174 1517 1272 1603 culpa
1297 1541 1364 1582 eum

172 1618 303 1705 prodere
319 1617 511 1701 nitebantur,
527 1618 567 1682 ad
589 1618 747 1704 gremium
762 1619 930 1704 apostolice
945 1619 1028 1684 sedis
1043 1620 1189 1706 confugit
1205 1620 1365 1686 humiliter

171 1723 319 1809 flagitans
333 1723 400 1786 eius
423 1744 455 1787 se
470 1722 684 1787 misericordia
699 1723 872 1788 subueniri.
919 1723 1005 1801 Quia
1022 1747 1096 1788 uero
1111 1724 1151 1789 de
1167 1725 1236 1790 uita
1250 1735 1282 1790 et
1296 1749 1365 1791 con·

171 1827 345 1892 uersatione
361 1825 460 1913 ipsius
476 1826 509 1890 in
524 1826 669 1912 partibus
689 1826 766 1912 ipsis
781 1826 904 1912 plenior
918 1837 1021 1913 potest
1037 1827 1144 1893 haberi
1160 1829 1285 1913 notitia,
1302 1853 1366 1917 pre·

169 1932 291 1996 dictum
307 1931 355 1998 M.
370 1930 411 1995 ad
434 1953 491 1995 uos
513 1930 664 1995 duximus
688 1931 924 2015 remittendum,
939 1933 1125 1998 auctoritate
1142 1931 1268 1998 domini
1290 1957 1367 2020 pape

170 2049 272 2102 uestre
297 2034 463 2122 prudentie
486 2035 716 2100 committentes
740 2044 895 2120 quatenus
920 2037 963 2100 sic
987 2037 1068 2100 circa
1092 2038 1199 2123 ipsum
1224 2038 1366 2103 diseretio

170 2151 274 2206 uestra
299 2139 447 2226 procedat
473 2138 557 2224 quod
585 2139 761 2204 innocentie
788 2140 910 2225 puritas
939 2140 1077 2206 aliorum
1103 2141 1257 2207 offuscata
1283 2165 1366 2206 men-

168 2245 255 2311 datio
278 2268 341 2310 non
364 2243 547 2309 succumbat
568 2252 600 2308 et
622 2243 756 2319 heretica
778 2243 920 2330 prauitas
942 2267 1007 2310 non
1029 2245 1161 2331 effugiat
1184 2246 1351 2333 impunita.

676 2524 857 2590 XXXIX.

260 2701 317 2765 Du
340 2718 385 2765 no
407 2719 470 2777 our
492 2698 781 2765 Rnconcrnrnrns
804 2719 865 2764 usn
887 2700 1061 2766 Eocnnsm
1084 2700 1281 2766 Amunnnn

203 2803 205 2808 ’
545 2804 737 2869 Hnnnmcn
761 2805 985 2871 Pnnvmnrn.

212 2943 472 3009 —Priori
496 2943 631 3008 fratrum
653 2943 885 3029 predicatorum
908 2943 1181 3010 Massiliensium.l
1236 2945 1365 3010 Petitio-

168 3072 242 3115 nem
257 3050 295 3116 B.
311 3050 351 3114 de
365 3084 496 3098 --
511 3048 593 3132 layci
616 3047 826 3113 Massiliensis
846 3047 1019 3133 recepimus
1042 3069 1140 3134 quam
1163 3049 1365 3114 interclusam

167 3154 366 3242 presentibus
388 3144 550 3217 duximus
565 3151 796 3229 remittendam,
812 3152 996 3217 auctoritate
1018 3151 1141 3216 domini
1160 3175 1243 3239 pape
1266 3164 1365 3219 uestre

167 3258 335 3346 prudentie
356 3257 555 3323 consulentes
578 3264 733 3342 quatenus
756 3255 782 3320 si
805 3255 982 3322 constiterit
1003 3256 1164 3342 prefatum
1179 3257 1219 3324 B.
1235 3281 1302 3324 esse
1323 3281 1365 3323 re·

167 3363 369 3429 conciliatum
378 3361 503 3427 ecclesie
517 3370 549 3426 et
559 3360 742 3426 absolutum
753 3360 843 3424 iuxta
856 3360 993 3425 formam
1008 3362 1041 3424 in
1054 3360 1171 3426 talibus
1186 3371 1365 3428 consuetam

168 3468 343 3554 iniungatis
365 3467 393 3531 ei
415 3466 622 3552 penitentiam
645 3487 740 3550 super
761 3464 822 3529 hiis
845 3487 924 3551 quas
946 3465 1063 3551 scripta
1085 3464 1196 3530 cedula
1218 3467 1364 3547 continet,

167 3583 262 3658 prout
286 3571 429 3637 uideritis
450 3569 608 3655 expedire,
627 3569 778 3634 attentius
801 3569 961 3655 prouisnri
984 3593 1046 3655 que
1068 3568 1109 3634 ad
1131 3570 1366 3636 munimentum

170 3678 241 3743 fidei
260 3678 380 3742 faciunt
395 3685 451 3741 etc.

652 3783 879 3790 ———---

729 3903 806 3966 XL.

221 4085 277 4148 De
301 4083 417 4146 Frnns
440 4081 705 4144 Hunnrrconun
729 4079 988 4144 Pnonovnnms
1012 4098 1051 4142 m
1075 4077 1320 4147 Rnnrcronun.

217 4239 256 4305 G.
280 4238 424 4324 capitata,
449 4235 545 4321 priori
572 4234 789 4300 Cluniacensis
813 4233 944 4299 ordinis.
991 4233 1044 4298 Ex
1068 4242 1158 4320 parte
1182 4244 1289 4299 uestra
1309 4235 1369 4300 fuit

172 4343 370 4431 propositum
394 4363 499 4406 coram
523 4339 614 4403 nobis
640 4339 725 4424 quod
750 4338 827 4404 olim
848 4339 894 4407 V.
913 4347 1017 4403 nestro
1040 4337 1194 4404 monacho
1216 4338 1250 4402 in
1278 4339 1370 4405 scolis

206 4520 293 4572 ¹This
311 4518 382 4570 brief
396 4517 418 4568 is
441 4516 569 4583 probably
581 4514 717 4566 addressed
736 4523 763 4566 to
782 4515 853 4565 Pons
872 4513 905 4566 de
918 4514 1059 4580 l'Esparre‚
1072 4513 1232 4566 Dominican
1250 4513 1326 4581 prior
1342 4514 1372 4566 of

173 4604 321 4656 Marseilles
332 4601 391 4653 who
403 4600 432 4651 in
446 4600 509 4651 1238
522 4617 573 4651 was
590 4597 706 4664 engaged
723 4598 752 4648 in
764 4615 797 4649 an
816 4598 901 4650 active
912 4597 1077 4664 perseeution
1088 4598 1118 4648 of
1133 4597 1253 4662 heretics,
1265 4598 1369 4664 though

173 4689 286 4740 without
296 4684 476 4752 inquisitorial
494 4683 638 4748 authority.
672 4681 761 4733 When
773 4682 819 4733 the
836 4681 998 4748 inquisition
1010 4698 1062 4732 was
1078 4680 1265 4746 subsequently
1276 4698 1371 4749 organ-
1412 4723 1415 4726 .

174 4771 231 4824 ized
243 4771 271 4821 in
284 4771 419 4821 Provenee
433 4768 455 4819 it
467 4785 518 4818 was
530 4765 664 4818 entrusted
676 4774 702 4817 to
714 4766 760 4818 the
772 4765 950 4817 Franciscans.
