3098 5476
185 474 228 538 38
450 489 627 538 xxv.na
657 490 887 539 nourcuuo
915 490 1114 543 casurum

184 645 320 710 eundem
342 646 368 710 si
390 645 477 711 aliud
500 647 685 712 canonicum
708 670 771 711 non
791 648 923 713 obsistat
945 648 980 712 in
1002 648 1108 714 debita
1130 650 1181 714 sni
1203 653 1382 718 executione

184 749 279 816 officii
302 749 479 833 dimittatis,
499 749 550 814 uel
572 751 616 815 sic
639 774 701 815 non
726 752 916 836 permittatis
938 751 1048 834 eidem,
1069 753 1133 818 alio
1156 776 1221 820 non
1247 755 1383 822 obstante

183 855 334 920 canonico
356 855 390 919 in
405 855 556 939 susceptis
578 864 609 919 et
624 854 830 940 suscipiendis
844 855 1012 922 ordinibus
1029 856 1236 943 dispendium
1252 858 1384 925 difficul-

184 959 259 1024 tatis
274 959 401 1044 opponi.

646 1100 693 1145 na
717 1099 849 1146 annau.
873 1080 930 1169 (ὃ).

227 1254 385 1340 Episcopo
402 1293 542 1317 --.
589 1252 716 1320 Latoris
730 1256 923 1341 presentium
938 1255 1091 1322 confessio
1101 1259 1287 1325 continebat
1303 1260 1383 1347 quod

181 1382 254 1422 cum
266 1381 391 1423 uaccam
400 1358 587 1423 indomitam
598 1368 629 1424 et
641 1360 770 1424 noxiam
782 1360 899 1445 pluries
915 1361 948 1424 iu
958 1362 1059 1446 capite
1074 1363 1175 1427 securi
1187 1366 1384 1448 percusserit,

181 1463 269 1548 prius
291 1463 431 1548 inspecto
446 1463 530 1548 quod
553 1463 661 1527 nullus
684 1464 895 1529 circunstabat
910 1464 949 1528 de
972 1487 1034 1551 quo
1050 1466 1261 1551 probabiliter
1276 1469 1382 1534 timere

181 1566 307 1632 deberet
322 1578 357 1632 ut
372 1568 543 1632 incurreret
559 1567 717 1650 lesionem,
735 1569 803 1654 ipsa
822 1569 939 1634 incerto
955 1592 1028 1633 casu
1043 1580 1072 1634 et
1088 1593 1171 1656 uago
1194 1572 1330 1638 circuitu
1352 1574 1381 1638 in

180 1694 314 1757 puerum
329 1695 392 1736 non
408 1672 572 1756 prouisum
587 1694 644 1736 uas
659 1695 739 1757 aque
754 1671 917 1738 bullientis
935 1672 1066 1759 plenum
1081 1675 1205 1756 euertit,
1223 1677 1280 1762 qui
1297 1678 1384 1762 spiri-

180 1787 249 1840 tum
264 1775 412 1855 exalauit.
460 1775 563 1861 Super
578 1799 640 1862 quo
656 1776 746 1861 petiit
762 1776 845 1841 idem
860 1777 1014 1862 presbiter
1029 1778 1090 1842 sibi
1113 1780 1287 1864 apostolice
1302 1780 1380 1846 sedis

180 1879 392 1945 misericordia
413 1878 584 1965 prouideri.
630 1880 716 1958 Quia
740 1903 814 1946 uero
832 1880 871 1945 de
893 1880 975 1946 facto
994 1890 1024 1946 et
1040 1882 1115 1947 facti
1138 1883 1384 1950 circumstantiis

179 1994 235 2049 etc.
264 1994 417 2070 quatenus
447 1984 598 2069 inquisita
627 2007 721 2069 super
747 1984 809 2050 hiis
839 1983 1022 2071 diligentius
1052 1987 1196 2069 ueritate,
1223 1988 1250 2052 si
1281 1988 1380 2054 dictus

178 2127 310 2137 -—
324 2089 357 2151 in
374 2089 533 2174 premissis
555 2086 701 2152 adhibuit
716 2089 869 2153 cautelam
891 2112 987 2175 quam
1009 2090 1128 2174 debuit,
1144 2091 1296 2158 scandalo
1320 2117 1378 2158 non

179 2193 333 2275 obstante,
349 2215 412 2257 non
433 2192 582 2277 reputetis
605 2191 739 2256 eundem
754 2193 795 2258 ob
811 2216 916 2258 casum
932 2193 1114 2260 huiusmodi
1137 2195 1382 2283 irregularitatis

179 2296 405 2382 impedimento
420 2297 529 2361 teneri.

641 2436 688 2480 nu
712 2436 842 2484 aonam.
866 2418 924 2504 (6).

221 2610 379 2695 Episcopo
404 2609 650 2694 Pampilonensi.
696 2608 736 2674 G.
760 2609 926 2689 Eortanni,
949 2609 1045 2675 trater
1069 2611 1252 2696 Hospitalis
1278 2613 1380 2678 Rosa-

176 2713 309 2794 deualle‚
326 2712 445 2778 ordinis
460 2713 558 2778 saneti
574 2713 757 2798 Augustini,
776 2712 855 2778 lator
871 2715 1072 2798 presentium,
1089 2716 1258 2801 proposuit
1272 2740 1381 2782 coram

176 2819 267 2883 nobis
289 2817 374 2903 quod
396 2818 462 2903 ipse
477 2816 555 2882 olim
569 2817 760 2882 militaribus
783 2818 879 2882 armis
902 2841 934 2882 se
948 2841 1095 2884 exercens
1118 2820 1152 2883 in
1167 2821 1275 2887 seculo
1291 2822 1377 2887 obsi-

177 2921 325 2987 dionibus
340 2920 540 3007 quorundam
557 2932 731 2986 castrorum
747 2921 891 2986 interfuit
906 2922 961 2987 ubi
980 2922 1087 3008 plures
1109 2923 1262 2989 dicuntur
1278 2927 1382 3008 occisi,

177 3027 243 3112 ipse
267 3036 371 3091 tamen
387 3026 509 3112 aliquos
533 3049 595 3090 non
612 3026 774 3111 percussit,
790 3026 966 3112 quinimmo
981 3025 1022 3091 ad
1045 3026 1078 3090 id
1101 3051 1166 3092 non
1181 3027 1273 3094 dedit
1288 3054 1381 3116 opem

176 3131 227 3196 uel
243 3154 370 3217 operam
384 3130 550 3195 consilium
565 3130 615 3194 uel
632 3129 782 3195 fauorem.
814 3130 941 3198 Verum
956 3154 1029 3194 cum
1043 3131 1083 3196 ad
1101 3131 1226 3217 frugem
1238 3134 1382 3201 melioris

176 3237 240 3301 uite
255 3236 437 3300 transiuerit
448 3245 478 3298 et
489 3235 656 3299 abstrietus
672 3234 869 3299 obseruantie
885 3235 1032 3320 regulari,
1043 3235 1084 3300 ad
1099 3235 1245 3301 ordinem
1256 3260 1290 3304 se
1307 3239 1382 3304 fecit

175 3341 363 3426 promoueri.
410 3339 479 3403 Nos
501 3348 606 3403 autem
622 3347 678 3405 etc.
695 3347 851 3425 quatenus
875 3339 900 3402 si
916 3347 962 3404 est
978 3340 1022 3404 ita
1036 3339 1159 3426 prefato
1175 3340 1216 3406 G.
1234 3341 1379 3407 iniuncta

175 3444 347 3530 penitentia
369 3443 409 3506 ad
432 3443 584 3507 cautelam
607 3442 712 3507 debite
734 3443 941 3527 promotionis
964 3443 1124 3508 licentiam
1146 3443 1210 3510 alio
1234 3468 1300 3511 non
1323 3447 1378 3513 ob-

174 3560 276 3614 stante
292 3549 441 3614 canonico
457 3570 519 3612 non
537 3547 665 3632 negetis.

634 3737 681 3781 oa
704 3737 836 3782 nonunt.
862 3718 919 3805 (7).

219 3895 377 3979 Episcopo
391 3932 531 3958 ———.
563 3894 662 3957 Lator
674 3894 866 3978 presentium
882 3895 1046 3979 proposuit
1058 3917 1164 3959 coram
1179 3896 1272 3962 nobis
1289 3897 1375 3984 quod

172 4022 244 4064 cum
268 4000 372 4084 ipsum
394 4006 425 4062 et
447 3996 605 4082 (piendam
628 3998 753 4082 laycum
778 3997 907 4062 ludendi
932 3998 1055 4063 affectio
1077 4000 1310 4087 constringeret
1332 4001 1374 4066 ad

171 4103 372 4189 complexum
394 4101 487 4167 ambo
503 4103 536 4165 in
554 4125 724 4166 concauam
746 4102 849 4166 locum
871 4112 1057 4167 corruerunt
1075 4103 1208 4187 incaute,
1224 4105 1280 4170 sed
1304 4107 1377 4192 qui-

171 4209 245 4273 dam
261 4229 424 4272 accurrens
446 4229 502 4291 per
517 4228 653 4270 errorem
669 4229 733 4270 esse
753 4206 881 4270 credens
896 4206 961 4270 odii
984 4229 1109 4271 causam
1124 4207 1159 4272 in
1174 4230 1258 4293 casu,
1274 4233 1376 4275 manu

171 4337 266 4400 quam
281 4313 315 4376 in
331 4311 508 4376 subsidium
525 4310 605 4396 layci
622 4311 804 4375 intendebat
819 4311 948 4376 affectus
966 4311 999 4374 in
1016 4311 1103 4377 illius
1119 4311 1270 4379 lesionem
1284 4337 1377 4380 casu·

170 4419 229 4483 alis
253 4417 378 4482 retorsit
398 4415 533 4497 effectus,
550 4425 650 4480 morte
674 4438 804 4478 manum
828 4439 892 4481 nou
916 4438 1023 4480 casum
1048 4416 1223 4483 subsecuta.
1269 4418 1377 4505 Super

170 4546 233 4610 quo
245 4545 309 4587 non
321 4520 507 4585 conscientie
519 4519 676 4605 prouideri
690 4520 814 4604 petebat
826 4519 879 4584 sed
895 4520 988 4603 farne,
1000 4543 1061 4606 que
1073 4520 1164 4585 facile
1175 4523 1375 4608 corruptioni

169 4627 334 4692 subiicitur
350 4624 428 4688 dum
450 4624 640 4689 detractione
663 4623 832 4689 mordetur.
879 4625 966 4702 Quia
988 4647 1063 4690 uero
1086 4623 1125 4690 de
1146 4625 1228 4691 facto
1246 4636 1278 4692 et
1294 4627 1374 4693 facti
