3098 5476
174 486 216 551 80
395 502 512 552 LXVI.
536 504 586 550 DE
614 503 867 552 anTnN'rns
895 504 1146 555 ORDINARII.

170 660 344 726 claustrum
367 661 504 726 eiusdem
528 662 708 726 monasterii
730 662 918 748 peragenda,
942 673 972 728 et
995 664 1079 749 ipsos
1101 663 1142 728 ad
1166 674 1293 750 tempus
1315 674 1369 731 etc.

171 787 271 852 usque
292 765 424 831 obsistat
444 774 499 832 etc.
515 789 571 852 per
585 765 828 852 dispensationis
849 767 985 853 gratiam
1006 768 1220 834 misericordie
1242 768 1370 834 ianuam

122 926 126 932 .
171 869 319 955 aperiatis
334 868 472 935 eisdem.1

627 1012 675 1056 nn
698 1012 830 1059 nonam
854 995 913 1081 (4).

215 1166 238 1231 J
239 1166 385 1231 udicibus
399 1203 539 1231 —-.
585 1167 727 1232 Abbatis
746 1177 850 1233 sancte
866 1168 1045 1254 Euphemie
1059 1170 1245 1235 transmissa
1260 1171 1372 1257 petitio

169 1270 352 1336 continebat
366 1270 452 1357 quod
475 1295 547 1336 cum
563 1271 645 1336 inter
661 1272 765 1358 ipsum
781 1281 812 1337 et
827 1272 983 1358 quendem
1003 1274 1131 1359 layoum
1155 1295 1265 1340 coram
1282 1277 1371 1341 uobis

171 1397 266 1462 super
287 1376 477 1462 quibusdam
501 1377 749 1462 possessionibus
772 1399 810 1442 ex
833 1377 1028 1463 delegatione
1053 1379 1225 1466 apostolica
1248 1383 1370 1467 questio

171 1490 354 1563 uerteretur,
370 1490 401 1545 et
417 1479 500 1544 idem
523 1479 631 1566 laycus
654 1481 840 1546 obtinuisset
855 1483 887 1545 in
904 1505 1008 1564 causa,
1024 1507 1082 1548 uos
1105 1490 1136 1547 in
1157 1506 1230 1549 eum
1246 1508 1371 1549 exeom-

172 1584 393 1649 municationis
423 1586 609 1649 sententiam
641 1585 818 1671 protulistis
848 1587 908 1652 nisi
938 1610 1076 1673 congrue
1105 1588 1297 1654 satisfaceret
1322 1589 1370 1653 illi

171 1713 266 1776 super
288 1690 536 1776 possessionibus
560 1691 749 1756 memoratis.
796 1690 878 1756 Sane
900 1691 973 1758 licet
995 1692 1087 1758 iuxta
1108 1695 1207 1758 uestri
1228 1702 1369 1759 tenorem

171 1793 312 1860 mandati
335 1794 435 1858 eidem
459 1794 549 1879 layco
571 1794 755 1860 satisfecerit
776 1805 997 1882 competenter,
1016 1798 1092 1884 quia
1113 1806 1221 1862 tamen
1244 1798 1370 1865 dubitat

170 1922 210 1965 ne
225 1908 333 1965 notam
348 1898 590 1983 irregularitatis
604 1899 771 1964 incurrerit
786 1923 844 1986 pro
860 1924 896 1965 eo
910 1900 996 1986 quod
1016 1924 1049 1966 se
1063 1900 1183 1967 diuinis
1198 1902 1370 1968 immiscuit

170 2004 356 2090 priusquam
372 2025 429 2089 per
444 2025 501 2068 uos
519 2012 598 2067 esset
613 2003 753 2089 predicta
768 2006 921 2069 sententia
936 2005 1085 2088 relaxata,
1102 2005 1185 2070 sedis
1200 2007 1370 2092 apostolice

171 2105 415 2172 misericordiam
441 2107 624 2193 implorauit
648 2107 811 2173 humiliter
834 2109 1016 2195 supplicans
1040 2111 1102 2174 sibi
1126 2133 1223 2196 super
1246 2111 1309 2176 hiis
1331 2111 1369 2176 de

171 2212 271 2299 ipsius
297 2210 497 2298 prouidentia
522 2212 694 2277 subueniri.
752 2213 820 2278 Nos
847 2223 950 2278 autem
976 2224 1032 2279 etc.
1056 2224 1211 2300 quatenus
1235 2239 1307 2280 cum
1332 2215 1369 2280 de

171 2315 382 2381 satisfactione
404 2314 587 2381 huiusmodi
603 2317 696 2382 uobis
710 2318 885 2382 constiterit
907 2318 1012 2403 ipsum
1027 2341 1046 2383 a
1060 2319 1201 2405 predicta
1217 2321 1368 2386 sententia

170 2421 342 2486 absoluatis
358 2430 388 2484 et
404 2420 544 2485 iniuncta
559 2421 587 2484 ei
603 2444 662 2506 pro
677 2421 769 2506 culpe
784 2421 879 2487 modo
894 2431 957 2490 etc.¹
968 2445 1067 2509 usque
1082 2423 1270 2490 admittatis.

703 2751 840 2818 LXVI.

507 2924 565 2989 Du
588 2925 801 2991 Suarnnrrrs
824 2925 1035 2993 Onnrrmnrr.

217 3101 466 3186 Archiepiscopo
489 3101 646 3166 Remensi.
692 3099 868 3166 Henrieum
891 3102 931 3168 de
946 3103 1046 3169 Bosoo
1070 3104 1204 3170 militem
1219 3109 1368 3193 crucesig-

173 3215 284 3271 natum
306 3205 559 3270 cathalaunensis
581 3204 711 3270 diooesis
736 3206 956 3291 profiscentem
979 3209 1012 3271 in
1035 3217 1116 3274 terre
1140 3220 1246 3276 sancte
1270 3212 1368 3277 subsi-

172 3311 263 3375 dium
280 3309 319 3375 de
333 3310 459 3395 speciali
482 3308 632 3375 mandato
646 3308 768 3374 domini
784 3333 865 3396 pape
880 3311 971 3377 nobis
989 3311 1072 3378 facto
1086 3336 1144 3399 per
1157 3317 1367 3382 uenerabilem

174 3423 295 3501 patrem
312 3414 478 3479 dominum
496 3412 654 3478 Thomam
668 3414 756 3478 tituli
779 3425 884 3480 sancte
905 3414 1022 3482 Sabine
1044 3418 1256 3503 presbiterum
1271 3421 1368 3486 cardi-

174 3519 289 3601 nalem,
313 3519 355 3584 ob
377 3518 477 3582 crucis
504 3518 709 3582 reuerentiam
735 3527 766 3583 et
788 3541 827 3583 ne
853 3528 964 3585 uotum
986 3521 1198 3587 retardaretur
1220 3523 1368 3608 eiusdem,

174 3623 369 3689 absoluimus
391 3623 432 3688 ab
455 3621 787 3688 excommunicationis
809 3625 962 3689 sententia
977 3647 1073 3712 quam
1088 3648 1228 3692 remense
1249 3629 1369 3715 eapitu-

174 3729 242 3793 lum
258 3737 288 3793 et
304 3727 446 3792 officialis
468 3737 571 3792 uester
585 3726 626 3791 ad
648 3727 832 3792 instantiam
851 3728 950 3814 ipsius
969 3729 1098 3815 capituli
1113 3731 1369 3818 promulgarunt,

172 3855 231 3918 pro
253 3855 289 3896 eo
310 3831 395 3918 quod
421 3833 486 3917 ipse
508 3854 579 3895 cum
602 3831 699 3896 fratre
721 3854 779 3897 suo
801 3842 923 3919 ceperat
941 3833 1099 3919 quendam
1121 3835 1312 3921 burgensem
1332 3838 1368 3903 P.

172 3936 340 4001 dominum
360 3935 666 4001 hierosolimitanum
687 3932 734 4023 [⁶2]
758 3937 813 4022 qui
837 3936 876 4001 de
899 3939 1041 4024 ipsorum
1064 3937 1279 4005 iurisdictione
1300 3965 1370 4007 con·

172 4041 266 4122 sistit,
283 4041 310 4104 ei
333 4039 482 4105 ducentas
505 4040 604 4105 libras
626 4052 799 4126 prouentus
822 4041 1005 4125 foreiarunt‚
1021 4041 1061 4106 de
1083 4042 1199 4128 quibus
1222 4043 1308 4110 idem
1323 4044 1368 4110 H.

172 4144 244 4209 lxiii
267 4144 380 4208 habuit
402 4144 510 4229 inique
532 4144 700 4210 subtractis
711 4171 720 4227 ;
744 4145 929 4210 mandantes
951 4145 1053 4211 eidem
1075 4146 1135 4211 sub
1156 4146 1264 4213 debito
1286 4149 1371 4215 iura-

203 4336 291 4388 1This
308 4336 446 4403 evidently
457 4337 538 4388 refers
557 4343 584 4388 to
602 4353 674 4388 some
692 4336 810 4388 incident
821 4337 850 4387 in
862 4337 908 4389 the
924 4338 1031 4404 quarrel
1048 4338 1165 4391 between
1177 4339 1223 4391 the
1234 4339 1312 4407 Holy
1323 4341 1371 4394 See

169 4421 222 4473 and
233 4420 358 4473 Frederic
369 4421 407 4472 ΙΙ.
442 4421 553 4472 1111239
571 4420 617 4471 the
634 4420 766 4486 Emperor
776 4437 859 4472 seems
875 4428 903 4472 to
920 4421 952 4473 be
969 4421 999 4472 in
1015 4422 1160 4488 possession
1172 4423 1202 4474 of
1217 4423 1264 4475 the
1281 4423 1329 4476 fiel
1343 4426 1374 4477 of

168 4504 194 4557 S.
207 4505 319 4557 Severus
330 4521 361 4555 or
372 4503 513 4557 Severinus
527 4502 824 4570 (Huillard-Breholles,
837 4504 909 4556 Hist.
918 4504 1035 4571 Diplom.
1048 4505 1121 4556 Frid.
1131 4506 1169 4557 II.
1179 4506 1209 4557 Τ.
1218 4507 1253 4558 V.
1261 4524 1289 4573 p.
1299 4509 1370 4574 515).

168 4589 197 4640 It
208 4588 263 4640 had
274 4588 428 4655 previously
438 4587 504 4639 been
516 4587 562 4639 the
574 4604 649 4639 cause
661 4588 691 4639 of
705 4604 776 4639 some
788 4587 891 4640 trouble
903 4595 930 4640 to
942 4588 1000 4640 him
1012 4588 1054 4639 for
1065 4588 1153 4641 which
1166 4589 1201 4642 he
1212 4590 1325 4643 ordered
1337 4592 1371 4643 its

168 4671 289 4724 defences
300 4671 439 4738 destroyed
453 4670 503 4737 (lb.
515 4671 545 4722 Τ.
558 4671 612 4722 ΙΙΙ.
625 4689 651 4738 p.
665 4670 734 4736 197).
