3098 5476
279 115 357 163 LII.
385 115 436 162 DE
466 115 708 162 SENTENTIA
737 114 1217 163 EXOOMMUNIOATIONIS.
1307 99 1347 164 69

109 275 292 361 Cumque
317 275 451 340 misisset
465 272 600 339 eundem
617 272 658 338 ad
681 273 799 339 iudices
817 273 976 360 delegatos
993 283 1028 339 ut
1042 297 1101 360 pro
1116 297 1153 340 eo
1168 274 1349 339 citatorium

118 379 330 466 impetraret
342 376 481 443 edictum
495 377 627 443 clericus
651 376 734 443 idem
750 377 904 464 quasdam
921 378 1082 444 citatorias
1104 378 1226 443 litteras
1244 387 1350 464 preter

116 483 210 548 eius
235 482 383 548 notitiam
409 481 491 547 falso
515 482 702 567 composuit,
724 504 760 546 ac
786 481 893 567 sigillo
919 481 999 547 falso
1026 482 1167 568 signauit
1193 505 1250 547 nec
1276 505 1350 568 pro-

128 608 269 652 cessum
285 586 394 652 extitit
407 608 465 672 per
479 585 614 670 easdem,
630 608 703 649 cum
725 586 811 651 illico
835 595 1021 651 notarentur
1036 586 1075 651 de
1092 586 1174 651 uicio
1190 586 1348 652 falsitatis.

129 691 251 779 Super
275 691 393 778 quibus
416 690 586 776 apostolice
612 689 695 755 sedis
720 689 921 754 clementiam
945 690 1025 755 adiit
1050 699 1160 776 petens
1185 690 1351 756 humiliter

128 797 211 862 eius
235 796 298 861 sibi
320 793 523 881 prouidentia
544 794 716 861 subueniri.
762 792 832 860 Nos
857 806 964 859 autem
986 795 1144 880 prefatum
1167 807 1201 859 at
1222 817 1279 860 uos
1304 818 1350 860 re·

140 900 305 965 mittimus
330 899 511 964 absolutum
538 899 724 963 auctoritate
751 898 872 963 domini
900 921 991 984 pape,
1019 909 1122 964 uestre
1149 898 1350 984 procidentis

138 1005 378 1070 committentes
407 1011 573 1088 quatenuS,
598 1002 803 1068 consideratis
833 1002 1002 1088 diligenter
1032 1025 1094 1089 que
1123 1003 1351 1068 consideranda

144 1107 291 1173 uideritis
316 1108 344 1172 si
370 1130 419 1172 res
441 1108 486 1172 ita
508 1129 541 1172 se
564 1106 677 1171 habeat
699 1106 875 1193 iniungatis
898 1106 926 1172 ei
949 1107 1155 1193 penitentiam
1179 1107 1350 1172 salutarem

144 1222 251 1300 preter
272 1233 389 1298 penam
412 1211 445 1275 in
470 1234 554 1276 nouo
577 1211 645 1275 iure
666 1210 784 1275 editam
809 1222 919 1276 contra
941 1209 1042 1276 tales.¹

711 1558 790 1625 LII.

391 1751 448 1817 DE
473 1751 683 1818 SENTENTIA
706 1751 1107 1817 EXOOMMUNICATIONIS.

192 1928 444 2015 Archiepiscopo
468 1927 659 2014 Compsano.
719 1964 851 1975 —
875 1927 1030 2013 presbiter
1053 1927 1135 1993 lator
1159 1928 1352 2014 presentium

150 2033 316 2120 proposuit
346 2055 452 2099 coram
483 2031 574 2096 nobis
604 2030 691 2117 quod
722 2029 758 2094 in
787 2030 946 2117 quendam
977 2032 1189 2118 presbiterum
1218 2033 1275 2119 qui
1304 2032 1355 2098 bis

150 2139 255 2224 ipsum
278 2145 476 2224 percusserat
498 2158 630 2200 manum
654 2136 898 2221 repercussionis
919 2137 1064 2201 extendit
1079 2146 1110 2202 et
1125 2137 1267 2221 ultionis,
1284 2160 1355 2223 pro·

148 2251 275 2308 secutus
290 2241 434 2307 effectum
450 2240 624 2327 appellum,
635 2248 671 2304 ut
682 2262 740 2305 suo
755 2249 883 2304 utamur
894 2240 1059 2325 uocabulo,
1070 2241 1193 2306 inmisit
1204 2242 1239 2305 in
1251 2242 1354 2325 illum,

151 2356 181 2412 et
203 2347 277 2411 licet
299 2346 507 2432 presbiterum
532 2345 613 2410 ictus
636 2344 801 2430 preteriret
823 2345 856 2409 in
879 2368 987 2410 casum
1009 2346 1044 2409 in
1067 2345 1225 2432 quendam
1249 2355 1354 2411 tamen

151 2473 339 2517 conuersum
362 2460 466 2536 preter
481 2449 688 2514 intentionem
705 2449 860 2515 mittentis
883 2449 1026 2536 impegit.
1072 2449 1157 2516 Sane
1177 2473 1251 2515 cum
1273 2451 1356 2515 cirea

152 2555 363 2642 presbiterum
378 2576 592 2639 percussorem
608 2553 692 2618 licite
708 2553 900 2619 defensionis
920 2554 1047 2619 licentia
1062 2576 1094 2619 se
1109 2553 1247 2620 crederet
1262 2577 1355 2619 excu-

149 2669 267 2738 satum,
284 2668 315 2724 et
338 2659 371 2723 in
394 2659 594 2744 percussione
614 2659 759 2724 conuersi
781 2680 887 2722 casum
912 2658 1082 2724 fortuitum
1098 2659 1132 2721 in
1147 2658 1275 2744 culpam
1298 2681 1357 2724 suo

152 2763 271 2829 iudicio
285 2762 421 2828 intentio
436 2763 602 2848 peregrina
617 2786 680 2828 non
697 2761 846 2844 traheret,
862 2785 926 2828 non
945 2761 1074 2828 credens
1096 2786 1136 2827 ex
1161 2762 1224 2828 hiis
1247 2763 1355 2826 immi-

153 2890 227 2934 nere
249 2867 436 2953 periculum,
452 2865 493 2931 ad
516 2866 660 2932 ordinem
682 2866 909 2954 presbiteratus
931 2867 1058 2932 accessit
1073 2876 1105 2932 et
1120 2867 1152 2930 in
1169 2866 1279 2932 eodem
1297 2866 1357 2931 ali-

149 2972 296 3059 quandiu
320 2971 524 3036 miuistrault.
572 2972 699 3040 Verum
726 2972 800 3058 quia
827 2972 1009 3058 aliquorum
1035 2971 1144 3056 opinio
1168 2971 1357 3036 conscientie

185 3179 195 3211 ¹
207 3180 266 3232 The
280 3180 400 3232 “novum
414 3179 481 3246 jus’'
495 3181 558 3233 here
576 3180 683 3232 alluded
695 3187 722 3231 to
735 3181 757 3231 is
769 3179 904 3246 evidently
916 3180 963 3231 the
975 3180 1110 3232 Decretals
1126 3179 1157 3231 of
1172 3179 1293 3246 Gregory
1305 3179 1356 3230 IX.

152 3263 241 3316 issued
252 3263 282 3314 in
295 3263 368 3328 1234,
381 3263 434 3314 and
445 3263 492 3315 the
504 3264 601 3330 special
613 3263 750 3330 provision
762 3263 831 3315 cited
843 3264 866 3314 is
877 3263 1006 3330 probably
1018 3263 1080 3314 Can.
1094 3263 1125 3315 37
1138 3263 1169 3314 of
1183 3263 1230 3314 the
1242 3264 1357 3315 Lateran

153 3346 264 3400 Council
278 3346 309 3398 ot
324 3346 449 3397 1215.-“
457 3347 523 3398 Cum
536 3355 623 3398 autem
636 3347 696 3398 lites
713 3346 899 3413 restringendae
911 3354 972 3398 sunt
983 3346 1072 3412 potius
1083 3363 1163 3412 quarn
1175 3346 1296 3398 laxandae
1308 3347 1358 3398 hac

151 3430 274 3498 generali
297 3429 486 3482 constitutione
504 3431 635 3482 sancimus
654 3439 684 3482 ut
701 3430 724 3481 si
743 3430 846 3497 aliquis.
863 3447 942 3496 super
959 3430 1050 3496 aliqua
1067 3431 1204 3495 questione
1221 3430 1254 3482 de
1272 3440 1357 3482 cetero

149 3514 211 3567 aine
234 3513 344 3580 speciali
368 3514 492 3565 mandato
515 3514 618 3565 domini
640 3514 743 3565 litteras
766 3514 922 3580 apostolicas
945 3514 1087 3580 impetrare
1110 3514 1312 3580 praesumpserit,
1332 3523 1358 3565 et

151 3597 250 3650 litterae
269 3597 324 3648 illae
342 3613 397 3648 non
414 3597 521 3649 valeant
537 3606 564 3649 et
584 3598 640 3664 ipse
660 3605 787 3664 tanquam
806 3597 929 3648 falsarius
946 3597 1079 3663 puniatur,
1098 3596 1150 3647 nisi
1168 3598 1235 3648 forte
1252 3597 1286 3649 de
1303 3598 1359 3649 illis

152 3679 274 3748 personis
296 3680 418 3732 extiterit
438 3698 454 3732 a
474 3681 569 3748 quibus
592 3698 645 3732 non
666 3681 743 3733 debet
763 3681 837 3747 exigi
860 3680 892 3731 de
912 3681 974 3747 jure
997 3679 1151 3730 mandatum
1159 3681 1173 3704 ’'
1198 3680 1237 3743 (C.
1259 3681 1357 3731 xxviii.

154 3765 242 3816 Extra
259 3764 318 3816 Lib.
331 3778 350 3815 1.
362 3764 415 3815 Tit.
427 3764 488 3826 iit).

187 3848 247 3901 The
265 3847 348 3899 above
365 3865 435 3900 cases
452 3829 584 3900 illustrate
601 3849 647 3900 the
665 3848 856 3913 unscrupulous
874 3864 919 3898 use
936 3847 1013 3898 made
1030 3847 1061 3898 of
1075 3847 1148 3898 these
1164 3847 1253 3898 letters
1271 3846 1358 3897 which

152 3948 223 3984 were
235 3948 286 3983 one
298 3932 328 3983 of
343 3931 389 3983 the
409 3949 467 3984 sore
485 3932 576 3984 abuses
588 3933 653 3983 with
666 3932 753 3983 which
767 3932 813 3982 the
830 3931 905 3982 curia
920 3930 1034 3982 afflicted
1052 3930 1167 3995 Europe.
1202 3930 1260 3980 The
1278 3946 1360 3995 popes

154 4032 223 4068 were
242 4016 390 4081 constautly
408 4016 591 4082 complaining
607 4017 638 4067 cf
658 4016 732 4067 them
750 4015 802 4066 and
820 4014 990 4079 threatening
1007 4013 1198 4079 punishments,
1214 4012 1261 4063 but
1278 4029 1360 4064 never

155 4098 264 4165 applied
282 4098 329 4150 the
346 4099 410 4165 only
427 4099 535 4165 remedy
552 4100 583 4151 of
598 4100 715 4165 refusing
732 4107 759 4150 to
777 4099 846 4150 issue
862 4099 943 4150 them.
978 4098 1055 4163 They
1072 4114 1141 4148 seem
1160 4104 1186 4147 to
1206 4096 1275 4147 have
1294 4096 1359 4147 been

150 4181 213 4234 sold
225 4181 340 4233 without
351 4183 455 4249 scruple
472 4190 499 4234 to
514 4183 550 4233 all
562 4183 718 4249 purchasers
735 4181 787 4233 and
799 4198 866 4232 were
884 4199 899 4232 a
911 4198 1002 4233 source
1013 4180 1043 4231 os
1058 4180 1137 4246 profit
1149 4188 1176 4230 to
1189 4180 1235 4231 the
1248 4179 1360 4231 vendors

156 4265 246 4317 which
259 4281 293 4317 no
305 4282 374 4332 pope
386 4283 438 4318 was
451 4266 536 4332 hardy
548 4267 654 4333 enough
668 4273 694 4317 to
707 4283 836 4332 suppress.
