3098 5476
180 476 224 541 30
393 489 486 538 xix.
515 491 565 537 nn
593 488 768 539 canaroo
797 488 869 545 our
898 489 1166 540 uurrnrruu.

180 651 242 714 isto
264 671 372 713 curam
394 647 573 734 deplorans,
588 647 752 712 humiliter
770 648 860 733 petiit
881 647 943 714 sibi
965 670 1059 734 super
1078 648 1268 714 executione
1289 647 1376 714 officii
1409 638 1410 643 ¹

179 752 349 840 apostolice
371 752 454 818 sedis
475 751 676 838 prouidentia
698 751 872 818 subueniri.
918 752 1007 832 Quia
1022 775 1098 818 uero
1120 753 1155 816 in
1179 753 1302 818 talibus
1324 754 1377 817 im·

180 867 271 944 pctus
293 857 394 922 aliene
416 856 537 922 malitie
560 856 611 920 uel
636 879 726 921 casus
749 857 929 942 ingruentia
951 856 1108 942 repentini
1130 867 1189 922 aut
1212 857 1378 922 necessarie

177 962 351 1028 curationis
373 960 493 1027 utilitas
515 960 621 1046 quoad
644 970 823 1047 susceptum
838 959 976 1026 officium
1000 962 1112 1027 afferre
1133 985 1200 1027 non
1218 963 1379 1027 consueuit

179 1066 387 1150 obstaculum,
404 1065 603 1153 prouidentia
624 1075 726 1130 uestre
748 1074 805 1130 etc.
828 1074 985 1151 quatenus
1007 1065 1033 1130 si
1056 1065 1189 1152 prefatIs
1211 1065 1379 1132 sacerdotis

177 1172 309 1237 assertio
323 1171 472 1257 suffragio
487 1170 628 1236 ueritatis
643 1169 792 1234 innititur
802 1179 834 1234 et
848 1169 936 1234 aliud
952 1171 1139 1236 canonicum
1155 1193 1221 1236 non
1239 1171 1378 1254 obsistat,

178 1277 278 1362 ipsius
292 1274 483 1341 desiderium
498 1274 538 1340 ad
554 1273 766 1340 exauditionis
780 1275 916 1360 gratiam
932 1274 1118 1341 admittatis

639 1502 687 1547 nn
709 1501 841 1549 uonnn.
865 1483 923 1570 (5).

221 1659 381 1748 Episcopo
403 1659 576 1725 Baiocensi.
622 1657 663 1724 ll.
685 1658 850 1744 presbiteri
874 1658 984 1724 latoris
1006 1660 1202 1745 presentium
1225 1659 1378 1725 confessio

176 1764 357 1831 continebat
372 1763 456 1851 quod
480 1764 549 1850 ipso
572 1762 709 1849 quodam
722 1762 782 1827 -die
804 1763 872 1828 solo
895 1763 1049 1829 existente
1072 1764 1105 1827 in
1121 1763 1229 1846 domo,
1246 1764 1377 1850 quidam

178 1869 237 1934 Dei
259 1869 372 1935 timore
394 1869 568 1954 postposito
588 1867 743 1932 irruentes
765 1869 797 1930 in
817 1869 923 1954 ipsum
942 1867 1032 1932 nulla
1054 1868 1147 1954 culpa
1170 1891 1230 1933 sua
1252 1869 1377 1956 penitus

177 1973 360 2060 precedente
390 1993 467 2037 uasa
492 1972 660 2037 seminaria
686 1971 714 2036 ei
739 1994 817 2037 ausu
848 1972 999 2058 sacrilego
1029 1981 1248 2058 amputarunt,
1273 1973 1375 2060 ipsum

176 2079 282 2143 iurare
311 2077 535 2142 nichilominus
566 2076 715 2141 facientes
744 2075 830 2162 quod
861 2077 944 2163 ipsos
974 2075 1014 2141 de
1044 2076 1103 2142 hoc
1132 2077 1221 2164 apud
1253 2078 1376 2165 aliquos

177 2182 358 2248 nullatenus
381 2190 548 2246 accusaret.
595 2181 730 2266 Propter
754 2180 839 2267 quod
864 2180 948 2245 idern
972 2182 1127 2267 presbiter
1150 2182 1271 2268 absque
1297 2181 1376 2248 sedis

175 2286 345 2374 apostolice
368 2286 493 2351 licentia
516 2285 644 2372 speciali
667 2285 771 2351 noluit
789 2286 822 2349 in
845 2285 1030 2351 sacerdotali
1053 2286 1164 2350 ordine
1187 2286 1375 2354 ministrare.

177 2391 281 2478 Super
306 2415 370 2477 quo
396 2391 553 2476 supplicat
578 2390 639 2454 sibi
670 2389 913 2455 misericorditer
939 2390 1111 2476 prouideri.
1170 2391 1242 2457 Nos
1272 2402 1373 2457 autem

174 2497 359 2562 auctoritate
374 2494 496 2560 domini
512 2517 592 2581 pape
607 2504 664 2560 etc.
680 2504 834 2580 quatenus
857 2495 883 2560 si
900 2494 992 2560 dictis
1011 2496 1128 2560 ueritas
1148 2494 1376 2582 suffragabitur

175 2601 334 2688 prefatum
349 2599 705 2685 —presbiterum
728 2600 755 2664 si
777 2598 867 2663 aliud
892 2600 1076 2664 canonicum
1104 2622 1168 2665 non
1192 2600 1326 2666 obsistat
1344 2601 1374 2664 in

174 2707 357 2771 executione
379 2714 574 2790 receptorum
597 2703 747 2769 ordinum
770 2703 948 2787 dimittatis,
965 2727 1005 2769 ne
1027 2727 1141 2790 penam
1165 2727 1264 2791 quam
1283 2705 1375 2791 culpa

175 2833 241 2875 non
256 2809 372 2875 meruit
387 2833 426 2874 ex
443 2809 559 2873 iniuria
574 2809 689 2873 sentiat
704 2808 853 2874 uiolentie
868 2808 978 2875 aliene.

650 3005 899 3012 μ.-

724 3139 825 3206 XIX.

316 3317 374 3381 Dn
399 3315 556 3380 Cunaroo
579 3334 642 3391 our
665 3315 760 3381 Onsu
785 3313 970 3380 Fonruiru
994 3317 1229 3382 Mmrmrun.

219 3493 379 3579 Episcopo
388 3531 528 3556 —.
561 3490 614 3553 Ex
626 3491 1084 3577 partecapituliVimariensis¹
1095 3492 1219 3558 ecclesie
1231 3493 1295 3559 fuit
1304 3516 1373 3580 pro·

172 3598 312 3683 positum
322 3619 424 3661 coram
436 3596 527 3660 nobis
537 3594 622 3680 quod
630 3629 749 3638 -
756 3596 1083 3680 presbitercanonicus
1093 3597 1372 3664 casualitermorsu

172 3702 245 3788 equi
268 3699 630 3787 digitipartemamisit‚
647 3700 876 3784 propterquod
899 3724 918 3765 a
940 3701 1147 3766 celebratione
1170 3703 1265 3768 misse
1288 3725 1372 3769 reue·

172 3815 277 3870 renter
292 3805 455 3883 abstinuit,
473 3804 544 3868 licet
559 3804 694 3867 eundern
710 3803 847 3889 digitum
864 3805 961 3869 libere
983 3806 1149 3871 contrahat
1164 3816 1195 3871 et
1210 3807 1369 3874 extendat.

172 3911 274 3996 Super
289 3932 352 3995 quo
375 3908 568 3994 supplicauit
584 3908 667 3972 idem
683 3909 858 3994 capitulum
875 3908 1016 3995 predicto
1031 3911 1204 3996 presbitero
1220 3913 1272 3977 cui
1293 3914 1373 3978 sicut

170 4014 320 4080 asseritur
336 4020 367 4077 et
381 4014 447 4078 uite
469 4012 638 4077 laudabilis
661 4021 691 4077 et
706 4012 860 4078 euidentia
883 4016 1130 4080 conuersationis
1152 4017 1370 4083 testimonium

169 4119 371 4204 suffragatur,
382 4117 624 4203 dispensationis
639 4119 774 4202 gratiam
790 4118 960 4204 prouideri.
1000 4119 1050 4184 De
1067 4129 1169 4185 uestra
1186 4121 1294 4208 itaque
1310 4121 1371 4188 dis·

169 4223 305 4287 cretione
328 4222 456 4307 plenam
477 4222 508 4285 in
526 4220 655 4286 domino
678 4221 827 4286 fiduciam
842 4223 1019 4288 obtinentes
1041 4225 1227 4290 auctoritate
1250 4225 1369 4291 domini

168 4350 250 4412 pape
273 4338 329 4391 cto.
348 4335 503 4412 quatenus
526 4326 552 4390 si
575 4325 679 4391 dictus
701 4327 855 4413 presbiter
870 4335 997 4393 tantum
1013 4328 1052 4393 dc
1067 4328 1167 4414 digito
1183 4353 1248 4395 non
1264 4332 1370 4396 amisit

168 4431 255 4518 quod
277 4429 541 4518 impedimentum
558 4440 675 4516 prestet
691 4431 792 4496 officio
808 4441 839 4496 et
855 4432 986 4498 inducat
1002 4442 1167 4519 propterca
1183 4435 1368 4501 scandalum

572 4621 580 4652 ¹
593 4623 774 4688 GuimaraenS‚
789 4624 817 4674 in
830 4625 965 4690 Portugal.
