3098 5476
92 530 185 579 cxl.
213 531 264 578 DE
292 530 570 585 CELEBRANTE
599 530 645 577 IN
675 529 837 577 ORDINE
865 529 952 576 NON
980 529 1203 579 SUSCEPTO.
1238 514 1303 578 119

94 690 270 754 ricordiam
300 689 468 775 petiturus.
536 689 606 754 Nos
642 698 747 753 autem
779 698 940 774 sperantes
971 688 1057 775 quod
1095 690 1127 752 in
1157 689 1303 754 clausura

95 795 283 860 monasterii
313 793 410 879 digna
440 794 614 880 penitentia
643 793 822 878 deplorabit
852 817 913 879 que
944 793 1099 879 fugitiuus
1135 794 1169 857 in
1199 794 1305 860 seculo

94 921 181 985 uaga
204 907 236 963 et
260 897 435 984 dampnosa
459 898 603 962 libertate
627 898 796 979 commisit,
815 897 1015 983 prouidentie
1040 907 1142 963 uestre
1165 899 1303 963 auctori-

95 1013 163 1068 tate
178 1002 301 1068 domini
316 1026 397 1089 pape
419 1002 648 1067 committimus
670 1011 825 1087 quatenus
847 1002 989 1066 iniuncta
1004 1003 1032 1066 ei
1054 1002 1226 1088 penitentia
1244 1012 1303 1069 etc.

94 1130 199 1194 usque
230 1107 374 1188 obsistat,
400 1130 474 1171 oum
504 1107 573 1192 ipso
603 1105 709 1192 quoad
738 1107 955 1171 executionem
984 1116 1179 1193 receptorum
1209 1106 1305 1171 dum-

95 1221 188 1276 taxat
208 1211 360 1276 ordinum
382 1210 762 1297 dispensetis-interdicto
785 1210 845 1275 sibi
868 1210 909 1274 ad
930 1210 1066 1296 gradum
1088 1210 1183 1276 officii
1206 1234 1303 1276 sacer·

95 1315 215 1381 dotalis
241 1338 381 1398 ascensu,
409 1324 445 1379 ut
471 1316 555 1379 iusto
582 1314 698 1379 iudicio
725 1315 950 1379 assecutionem
976 1314 1064 1379 illius
1090 1315 1212 1380 ordinis
1238 1339 1303 1381 non

96 1419 236 1505 attingat
251 1419 286 1482 in
301 1419 390 1483 cuius
411 1419 594 1483 executione
616 1427 855 1504 presumptuose
875 1419 1109 1504 anticipationis
1129 1421 1305 1485 temeritate

96 1524 250 1611 peccauit.

562 1680 610 1724 oa
633 1679 765 1724 aenan.
791 1660 849 1746 (2).

142 1854 305 1941 Episcopo
320 1853 546 1939 Wigorniensi.
594 1852 724 1916 Humili
748 1853 839 1918 nohis
862 1855 904 1918 Α.
920 1853 1051 1918 clericus
1073 1854 1155 1920 lator
1177 1879 1300 1941 presen-

98 1959 180 2024 tium
196 1958 390 2023 confessione
405 1958 594 2022 monstrauit
606 1957 691 2043 quod
707 1980 779 2020 cum
792 1956 877 2021 idern
889 1957 973 2021 infra
985 1967 1132 2023 octauum
1144 1959 1304 2024 decimum

98 2085 219 2127 annum
248 2063 280 2125 in
308 2062 438 2127 seruitio
464 2060 629 2125 cuiusdam
655 2061 819 2146 presbiteri
847 2073 1023 2126 moraretur
1048 2061 1090 2126 ad
1118 2064 1301 2128 mandatum

100 2167 200 2254 ipsius
222 2165 424 2252 euangelium
444 2165 521 2251 legit
536 2165 570 2228 in
586 2166 689 2231 missa.
737 2164 840 2251 Super
855 2188 919 2252 quo
940 2166 1002 2230 sibi
1021 2168 1113 2252 petiit
1135 2168 1304 2254 apostolice

99 2271 182 2336 sedis
206 2269 421 2335 misericordia
443 2270 616 2353 subueniri.
661 2268 696 2333 N
697 2292 732 2335 os
754 2280 860 2335 autem
878 2270 1075 2336 attendentes
1097 2272 1183 2358 quod
1205 2273 1244 2337 ad
1269 2273 1300 2337 id

100 2398 162 2440 non
180 2398 220 2439 ex
237 2374 363 2438 malicia
377 2373 431 2439 sed
455 2373 667 2459 simplicitate,
683 2397 746 2438 non
763 2375 908 2438 libertate
930 2374 1054 2439 arbitrii
1074 2375 1129 2440 sed
1144 2377 1303 2442 mandatis

100 2479 292 2544 necessitatis
311 2477 501 2564 proruperit,
517 2478 704 2543 auctoritate
719 2477 844 2543 domini
862 2502 944 2564 pape
960 2480 1050 2544 iuxta
1065 2481 1196 2546 modum
1211 2481 1304 2568 culpe

100 2584 300 2647 iniunximus
322 2583 349 2647 ei
370 2592 500 2668 propter
515 2582 574 2647 hoc
591 2583 797 2668 penitentiam
814 2592 1044 2668 competentem
1059 2594 1090 2648 et
1104 2585 1304 2671 dispensaui-

26 2736 29 2742 ·
102 2696 179 2753 mus
188 2686 433 2752 misericorditer
448 2709 520 2751 curn
536 2686 655 2751 eodem.

562 2931 610 2975 nn
633 2931 765 2978 sonan.
789 2912 847 2999 (3).

145 3107 274 3190 Pauper
299 3103 451 3169 diaconus
475 3105 557 3169 lator
581 3105 775 3189 presentium
799 3103 930 3170 domino
954 3128 1035 3191 pape
1065 3106 1230 3172 humiliter
1255 3119 1303 3175 est

102 3210 261 3276 confessus
283 3208 368 3294 quod
392 3209 465 3294 ipse
480 3207 556 3273 olim
576 3231 609 3272 se
633 3209 842 3293 presbiterum
866 3211 1021 3274 mentiens
1043 3211 1092 3275 bis
1115 3213 1208 3277 misse
1231 3236 1305 3298 pre·

102 3315 237 3401 sumpsit
259 3313 360 3379 officia
383 3313 546 3395 celebrare,
563 3314 792 3399 propterquod
815 3314 897 3378 sedis
920 3316 1088 3400 apostolice
1102 3317 1302 3382 clementiam

101 3419 179 3484 adiit
195 3417 444 3505 misericordiam
462 3419 626 3503 petiturus.
672 3418 741 3482 Nos
756 3428 862 3482 autem
877 3419 1000 3483 domini
1015 3443 1095 3506 pape
1118 3422 1303 3488 auctoritate

102 3525 191 3589 uobis
214 3523 442 3588 committimus
460 3531 616 3608 quatenus
638 3523 780 3587 iniuncta
795 3523 857 3587 sibi
872 3525 1046 3609 penitentia
1061 3528 1252 3610 competenti
1272 3537 1303 3592 et

101 3651 136 3694 eo
150 3628 192 3692 ad
211 3639 337 3713 tempus
359 3637 415 3692 etc.
432 3649 531 3713 usque
546 3628 612 3691 uite
634 3627 783 3690 meritum
799 3636 854 3693 etc.
871 3651 935 3692 non
951 3629 1092 3713 obsistat,
1109 3632 1306 3715 permittatis

102 3734 205 3819 ipsum
229 3732 263 3795 in
284 3740 428 3817 suscepto
450 3730 617 3795 dumtaxat
640 3731 750 3795 ordine
773 3733 962 3816 ministrare,
986 3733 1153 3799 interdicto
1176 3735 1237 3799 sibi
1261 3737 1302 3801 ad

100 3837 235 3924 gradum
257 3835 353 3902 officii
375 3835 575 3900 sacerdotalis
598 3858 727 3900 ascensu
751 3845 787 3901 ut
810 3837 893 3902 iusto
916 3836 987 3901 etc.l

132 4047 140 4078 ¹
153 4046 212 4097 The
230 4045 351 4110 leniency
363 4045 454 4096 shown
471 4045 500 4094 in
518 4044 591 4095 these
603 4061 673 4095 cases
685 4045 771 4095 would
789 4045 821 4096 be
839 4046 1018 4112 inexplicable
1030 4065 1097 4099 were
1110 4049 1132 4100 it
1143 4057 1191 4100 not
1202 4051 1244 4100 for
1255 4051 1302 4102 the

100 4130 198 4182 crucia]
209 4129 364 4180 distinction
375 4129 466 4180 drawn
477 4128 512 4193 by
519 4129 566 4179 the
578 4129 682 4178 Roman
692 4128 799 4180 Ohurch
812 4130 928 4181 between
940 4131 1031 4196 public
1042 4132 1094 4183 and
1106 4141 1188 4184 secret
1199 4134 1300 4186 crimes.

102 4213 257 4266 “Sanun”
271 4213 294 4263 is
311 4212 408 4277 always
425 4228 497 4262 more
514 4211 629 4263 dreaded
647 4212 772 4276 thensin,
787 4213 839 4263 and
856 4213 881 4263 if
895 4213 941 4264 the
960 4215 1071 4266 faithful
1088 4233 1136 4267 can
1148 4216 1180 4267 be
1197 4217 1261 4283 kept
1273 4218 1301 4267 in

101 4296 241 4363 ignoranoe
253 4295 283 4347 of
297 4295 344 4346 the
356 4295 538 4360 wrongdoing
549 4296 579 4345 of
595 4312 628 4345 an
641 4295 800 4346 ecclesiastic
812 4296 855 4346 his
867 4296 1014 4348 admission
1026 4305 1054 4348 to
1066 4299 1168 4364 pardon
1180 4299 1203 4350 is
1215 4300 1301 4352 facile.

101 4381 132 4431 In
144 4381 198 4432 fact
209 4380 232 4431 it
242 4396 295 4431 was
312 4396 328 4430 a
339 4379 441 4429 maxim
453 4378 512 4428 that
525 4378 649 4429 “occulta
666 4386 772 4444 peccata
784 4379 930 4430 vindictam
947 4397 1001 4431 non
1014 4381 1133 4432 habent⁷’
1147 4383 1199 4433 and
1217 4383 1239 4434 it
1251 4401 1302 4434 was

100 4481 115 4515 a
131 4463 255 4530 disputed
271 4463 348 4528 point
365 4478 461 4527 among
477 4462 524 4512 the
541 4461 644 4512 doctore
656 4462 775 4513 whether
793 4481 809 4513 a
825 4463 908 4529 priest
924 4464 1012 4530 guilty
1024 4465 1053 4514 of
1068 4473 1150 4516 secret
1167 4466 1307 4522 homicide,

79 4543 199 4599 'needed
218 4564 234 4598 a
250 4545 429 4611 dispensation
447 4545 499 4595 and
517 4545 637 4597 whether
657 4545 692 4596 he
711 4545 834 4597 incurred
854 4546 1069 4613 “irregularity’'
1088 4548 1123 4613 by
1140 4548 1302 4616 celebrating

101 4649 168 4682 mass
181 4629 314 4696 (Baptista
322 4629 355 4680 de
366 4628 454 4680 Saulis
465 4628 574 4698 Summa
585 4628 693 4680 Rosella
704 4646 723 4679 s.
734 4647 760 4679 v.
770 4629 963 4695 Dispensatiol.
1001 4631 1062 4682 Few
1074 4632 1179 4684 clerical
1191 4633 1303 4685 offences
