3098 5476
526 514 848 564 novun-xum.
1224 495 1287 562 107

92 700 153 760 nos,
169 675 209 741 de
232 674 361 762 speciali
383 674 533 740 mandato
548 673 670 738 domini
693 695 774 759 pape
792 672 884 738 nobis
908 672 990 737 facto
1005 695 1061 758 per
1076 672 1287 738 uenerabilem

93 791 211 868 patrem
230 779 397 846 dominum
422 778 637 860 Sabinenscm,
654 777 850 842 Cantharam
873 776 1064 842 monachum
1087 778 1187 842 sancti
1204 778 1290 842 Lau-

92 885 181 950 rentii
196 883 384 950 Leodiensis
405 882 538 948 latorem
553 881 747 968 presentium
770 882 932 966 negotium
955 881 1188 947 reformationis
1210 883 1289 948 eius·

91 989 159 1054 dem
178 987 362 1054 monasterii
384 995 623 1073 prosequentem
646 985 842 1050 absoluimus
864 985 903 1049 ad
927 985 1079 1050 cautelam
1103 987 1144 1050 ab
1166 1010 1290 1052 excom·

92 1092 312 1158 municationis
334 1091 496 1156 sententiis
511 1113 590 1177 quos
606 1090 646 1154 F.
665 1089 792 1155 maioris
814 1089 939 1154 ecclesie
961 1098 993 1154 et
1008 1090 1046 1153 Ρ.
1063 1099 1169 1155 sancte
1184 1090 1290 1157 Maris

91 1197 231 1263 canonici
246 1197 456 1262 Treverenses
479 1194 596 1259 iudices
619 1194 752 1279 delegati
775 1193 919 1258 tulerunt
939 1194 971 1257 in
990 1195 1105 1280 ipsum,
1121 1205 1152 1259 et
1169 1195 1210 1260 ad
1233 1220 1291 1262 uos

92 1301 208 1388 quibus
238 1299 279 1365 de
308 1323 441 1386 persona
471 1298 595 1364 abbatis
628 1299 810 1363 monasterii
845 1297 1017 1385 supradicti
1051 1299 1216 1385 inquisitio
1245 1311 1292 1366 est

92 1405 259 1472 commissa
284 1404 476 1469 remittimus
502 1402 693 1479 absolutum,
717 1401 902 1468 mandantes
931 1403 975 1467 eis
1006 1402 1066 1489 [ei]
1097 1402 1156 1467 sub
1183 1403 1291 1470 debito

92 1510 214 1596 prestiti
238 1509 408 1574 iuramenti
423 1518 460 1572 ut
475 1507 514 1572 de
529 1507 591 1572 hiis
608 1530 667 1593 pro
683 1505 799 1593 quibus
814 1506 949 1570 eundem
963 1544 1095 1554 ——
1109 1530 1128 1571 a
1143 1508 1292 1594 predictis

92 1613 249 1679 iudicibus
278 1612 586 1678 excommunicatum
617 1611 756 1696 legitime
787 1611 883 1675 titisse
916 1612 1091 1676 constiterit
1120 1613 1292 1679 satisfaciat

93 1726 313 1805 competenter.
376 1714 525 1781 Ceterum
557 1717 583 1781 si
613 1715 790 1780 satisfacere
817 1714 898 1781 forte
924 1717 1147 1802 contempserit
1172 1726 1228 1783 etc.
1257 1729 1293 1783 ut

94 1845 197 1908 supra.

605 2095 781 2160 XCVIII.

147 2289 205 2353 Dn
228 2290 483 2353 Ansonu‘rroun
506 2287 671 2352 Iurensia
695 2307 734 2351 ru
758 2289 947 2354 Anrrcuno
970 2289 1107 2354 Mourrs
1129 2310 1242 2356 supnn

347 2392 554 2457 Snnrnnrm
581 2392 740 2457 Oanours
762 2411 807 2456 nr
829 2392 1042 2459 Onnrnann.

138 2569 300 2654 Episcopo
320 2567 512 2633 Caturcensi.
568 2567 623 2631 Ad
644 2568 791 2632 notitiam
814 2577 952 2633 uestram
972 2571 1167 2654 presentium
1188 2580 1297 2637 tenore

98 2673 301 2759 perferrimus
316 2671 401 2758 quod
417 2694 488 2736 oum
508 2671 540 2738 S.
557 2670 648 2736 bodis
667 2683 769 2736 rector
783 2681 862 2736 esset
876 2672 916 2736 de
931 2673 1033 2759 Papia
1048 2684 1150 2763 uestre
1166 2674 1297 2742 diocesis

97 2779 130 2842 in
155 2776 345 2863 egritudinis
375 2776 454 2840 lecto
481 2776 591 2841 mortis
617 2775 756 2840 crederet
781 2777 947 2842 imminere
977 2778 1164 2864 periculum.
1225 2779 1296 2847 Nos

98 2881 182 2968 quod
206 2880 371 2946 necessitas
395 2889 430 2945 ut
452 2879 697 2966 pretendebatur
712 2881 857 2966 exigebat
872 2882 1047 2946 remedium
1069 2906 1133 2948 non
1156 2885 1298 2951 uidimus

97 2985 330 3072 denegandum,
346 2986 390 3050 sic
412 2984 451 3048 de
472 2984 680 3049 absolutionis
703 2985 853 3050 beneficio
868 2985 1071 3072 prouidentes
1094 2987 1195 3052 eidem
1211 2990 1297 3076 quod

98 3091 157 3155 sub
173 3089 281 3154 debito
296 3089 420 3175 prestiti
443 3090 613 3153 iuramenti
632 3089 825 3175 precipimus
849 3099 884 3154 ut
899 3113 993 3175 super
1008 3090 1070 3156 hiis
1092 3102 1298 3180 propterque

97 3195 385 3260 excommunicatus
412 3194 561 3258 extiterat
584 3194 886 3258 excommunicantis
913 3194 1063 3260 mandato
1085 3207 1218 3282 pareret,
1242 3221 1299 3284 per

98 3321 155 3364 uos
181 3299 215 3361 in
243 3298 577 3364 excommunicationis
601 3298 789 3361 sententiam
812 3299 839 3362 si
867 3298 1054 3362 mandatum
1076 3303 1298 3388 contempserit

100 3401 305 3468 reducendus.

588 3509 811 3517 ——-—..-..-—

632 3661 767 3727 XCIX.

217 3853 275 3917 Ds
298 3853 476 3917 Pnonorrs
499 3852 648 3918 Courna
670 3853 792 3918 Rrrmr
815 3854 972 3918 Romans
994 3855 1178 3923 Eocnnsrn.

142 4028 389 4114 Archiepiscopo
405 4028 620 4093 Antinarensi.
667 4028 798 4094 Auditis
813 4053 874 4115 que
889 4030 1118 4096 Dirinastensis
1132 4034 1298 4120 episcopus

100 4134 180 4198 circa
203 4132 416 4198 inordinatam
435 4131 667 4198 ordinationem
690 4171 820 4182 ——
841 4134 964 4199 abbatis
987 4144 1017 4199 et
1032 4159 1110 4202 xxv.
1127 4138 1298 4204 monacho·

101 4261 171 4302 rum
198 4237 378 4302 monasterii
404 4237 502 4301 sancti
529 4237 687 4302 dohannis
711 4238 750 4302 de
777 4239 927 4304 Rinastro
954 4239 1170 4324 imprudenter
1192 4252 1224 4306 et
1250 4245 1296 4306 in-

101 4351 278 4408 reuerenter
295 4341 424 4406 obmisit
446 4341 645 4427 prouidentie
667 4351 770 4407 uestre
792 4342 831 4406 de
854 4344 980 4429 speciali
1006 4343 1154 4409 mandato
1173 4345 1296 4411 domini

101 4470 180 4533 pape
197 4446 426 4511 committimus
442 4456 476 4508 ut
492 4446 581 4510 iuxta
597 4446 727 4510 modum
742 4447 834 4532 culpe
856 4448 1029 4534 iniungatis
1043 4485 1175 4498 --—
1189 4450 1296 4516 abbati

101 4561 131 4617 et
149 4550 311 4617 monachis
333 4550 521 4635 supradictis
543 4551 747 4636 penitentiam
771 4552 949 4617 salutarem.
996 4553 1136 4618 Demum
1154 4555 1181 4618 si
1199 4555 1244 4620 eis
1266 4565 1297 4621 et

103 4657 166 4721 uite
197 4655 345 4720 meritum
375 4665 406 4719 et
436 4656 519 4719 fame
548 4655 764 4719 testimonium
795 4656 1022 4741 suffragabitur
1051 4667 1081 4721 et
1110 4659 1296 4724 scandalum
