3098 5476
518 581 664 630 xxxrr.
692 582 742 629 nn
770 579 1032 628 cmuscrors.
1337 561 1378 624 49

169 743 329 830 spectioni
352 751 454 807 uestre
477 741 662 806 auctoritate
681 739 803 804 domini
825 762 906 825 pape
928 738 1155 802 committimus
1177 746 1331 823 quatenus
1354 738 1381 801 si

172 849 336 935 prefatum
351 884 483 894 —
497 845 530 909 in
554 844 703 931 predictis
725 867 781 909 sua
804 843 993 909 conscientia
1015 842 1223 928 probabiliter
1245 864 1308 906 nou
1332 863 1381 906 re·

173 950 312 1035 mordet,
324 952 430 1037 ipsum
440 948 615 1014 dummodo
630 949 718 1013 aliud
734 948 919 1013 canonicum
932 970 996 1012 non
1012 947 1143 1012 obsistat
1155 947 1187 1009 in
1200 945 1382 1010 executione

169 1067 395 1142 susceptorum
410 1054 559 1121 ordinum
573 1052 751 1136 dimittatis,
768 1062 799 1117 et
814 1051 943 1138 quidem
959 1052 986 1116 si
1008 1037 1085 1115 artis
1108 1050 1253 1137 peritiam
1269 1049 1382 1114 habuit

169 1172 207 1227 et
230 1161 271 1226 de
294 1160 394 1247 ipsius
418 1159 572 1246 preceptis
599 1159 631 1221 in
655 1181 729 1222 cura
752 1167 782 1222 et
804 1179 877 1221 oure
900 1155 1156 1241 contingentibus
1182 1154 1228 1218 nil
1253 1154 1382 1220 obmisit

170 1264 279 1352 egroti
307 1265 421 1347 obitus,
444 1286 517 1328 cum
543 1285 607 1328 non
635 1262 676 1326 sit
702 1262 736 1325 in
763 1261 884 1326 medico
908 1282 1031 1345 semper
1057 1259 1212 1324 releuetur
1236 1269 1272 1322 ut
1296 1281 1380 1344 eger,

173 1379 320 1434 mentem
343 1369 409 1433 eius
430 1367 559 1432 turbare
581 1375 684 1431 metus
705 1365 827 1430 erronei
850 1364 992 1450 scrupuli
1015 1387 1079 1429 non
1102 1363 1238 1428 deberet.

658 1561 910 1568 ....———rr

701 1694 866 1759 XXXII.

631 1886 688 1951 Dn
712 1888 930 1952 Cruunorcrs

221 2064 473 2150 Archiepiscopo
485 2063 700 2128 Antibarensi.
746 2062 778 2127 J.
792 2059 943 2126 diaconus
959 2060 1041 2126 lator
1055 2061 1250 2146 presentium
1266 2082 1383 2145 propc-

170 2170 242 2235 suit
257 2191 364 2234 coram
378 2167 470 2233 nobis
485 2166 570 2253 quod
585 2190 658 2231 cum
673 2166 803 2252 quidam
819 2165 927 2250 laycus
942 2167 1192 2250 consanguineus
1213 2165 1279 2229 eius
1302 2173 1382 2228 esset
1412 2225 1415 2232 ,

174 2275 212 2338 in
227 2274 330 2358 capite
352 2272 486 2337 letaliter
505 2271 690 2336 uulneratus
712 2269 797 2335 idem
812 2271 845 2333 in
861 2279 928 2334 arte
942 2269 1096 2355 cirurgica
1112 2268 1253 2333 eruditus
1276 2269 1383 2354 ipsmn

172 2377 356 2443 curandum
371 2376 514 2461 suscepit,
531 2376 586 2462 qui
607 2375 691 2439 infra
707 2374 793 2439 diem
807 2374 965 2438 decimum
980 2373 1148 2460 expirauit,
1165 2395 1240 2438 sane
1262 2372 1334 2437 licet
1349 2374 1383 2436 in

174 2504 255 2547 cura
270 2490 301 2545 et
317 2503 390 2545 cure
409 2480 665 2565 contingentibus
687 2480 777 2542 iuxta
799 2479 897 2564 ipsius
920 2479 997 2543 artis
1020 2477 1205 2542 traditiones
1228 2476 1308 2541 nihil
1332 2477 1383 2542 ob·

176 2585 276 2651 misit.
324 2585 411 2663 Quia
425 2594 530 2648 tamen
545 2584 732 2649 conscientie
750 2583 816 2647 eius
838 2582 1044 2647 dubitationis
1067 2590 1157 2667 urget
1172 2581 1307 2664 aculeus,
1323 2581 1384 2644 im-

176 2690 290 2776 pertiri
316 2689 378 2754 sibi
404 2689 528 2753 salubre
554 2687 721 2753 consilium
746 2687 928 2772 postulauit.
990 2686 1077 2764 Quia
1104 2709 1179 2750 uero
1205 2686 1240 2749 in
1266 2685 1384 2750 talibus

176 2793 315 2880 pendere
329 2802 386 2857 etc.
403 2802 559 2878 utsupra,
576 2814 675 2877 usque
696 2791 874 2874 dimittatis,
890 2791 1032 2854 iniuncta
1051 2791 1080 2854 ei
1102 2790 1276 2876 penitentia
1298 2813 1384 2854 com-

178 2898 300 2986 petenti
316 2920 352 2962 eo
367 2896 452 2983 quod
468 2906 576 2962 contra
591 2904 708 2961 statuta
724 2895 848 2961 concilii
862 2894 1018 2980 generalis
1040 2918 1072 2959 se
1088 2894 1214 2958 miscuit
1228 2893 1384 2980 cirurgie.¹

643 3123 691 3167 nn
715 3123 847 3169 noenu.
871 3103 928 3190 (2).

225 3281 351 3346 Abbati
381 3318 521 3347 ——.
589 3279 642 3343 Ex
669 3289 778 3344 tenore
808 3279 987 3344 litterarum
1014 3289 1192 3344 uestrarum
1218 3301 1296 3364 quas
1326 3301 1385 3364 pro

176 3422 314 3434 --
337 3384 490 3450 monacho
514 3384 707 3470 presentium
731 3383 829 3448 latore
851 3384 980 3448 misistis
1006 3384 1182 3469 accepimus
1204 3383 1290 3469 quod
1312 3404 1385 3446 oum

178 3491 248 3576 ipse
264 3488 304 3554 ad
322 3488 508 3553 mandatum
524 3489 638 3573 prioris
653 3487 693 3552 de
708 3487 853 3553 mediana
868 3511 949 3552 uena
963 3486 1086 3552 cuidam
1104 3487 1200 3551 militi
1223 3487 1387 3551 minuisset

179 3594 264 3659 idem
284 3593 375 3658 miles
397 3615 452 3658 sue
475 3593 586 3658 salutis
609 3592 762 3678 prodigus
784 3591 854 3678 ipsa
876 3592 928 3657 dic
951 3591 1137 3656 minutionis
1161 3590 1295 3656 secunda
1319 3591 1387 3654 uice

180 3721 279 3763 manu
303 3697 433 3784 propria
457 3719 571 3762 uenam
593 3698 717 3782 aperuit
732 3706 850 3762 etcum
873 3696 1089 3762 immoderatis
1112 3696 1328 3782 potationibus
1350 3718 1387 3760 ac

179 3802 302 3867 illicitis
321 3801 443 3867 actibus
465 3801 645 3866 debilitaret
659 3811 772 3866 nature
787 3801 942 3886 uigorem,
958 3801 1051 3875 tertia
1067 3800 1118 3865 die
1138 3800 1281 3886 sequenti
1298 3800 1386 3864 uiam

178 3917 229 3973 est
253 3908 402 3971 uniuerse
423 3906 526 3971 carnis
548 3906 715 3992 ingressus,
762 3906 898 3991 Propter
921 3905 1007 3992 quod
1030 3916 1205 3970 antecessor
1228 3914 1331 3969 uester
1345 3905 1386 3969 ab

178 4010 277 4078 officii
301 4010 483 4084 executione
505 4009 670 4096 suspendit
684 4009 830 4093 eundem,
849 4020 879 4074 et
902 4033 959 4075 uos
982 4010 1087 4096 ipsum
1103 4009 1143 4073 ad
1167 4009 1272 4074 sedem
1295 4031 1387 4094 apos·

180 4114 311 4181 tolicam
336 4113 517 4180 destinastis
544 4113 680 4178 salutare
705 4114 873 4179 eonsilium
900 4114 1087 4200 petiturum.
1143 4114 1230 4192 Quia
1252 4136 1327 4177 uero
1352 4113 1386 4176 in

215 4322 295 4376 lThe
312 4329 408 4374 statute
425 4321 532 4374 alluded
549 4329 576 4374 to
589 4323 611 4374 is
624 4322 694 4375 “nec
706 4323 789 4374 ullam
800 4322 941 4389 chirurgiae
952 4330 1056 4389 partem
1067 4322 1247 4389 subdiaconus,
1260 4322 1386 4373 diaconus

180 4407 225 4460 vel
242 4406 361 4459 sacerdos
372 4413 512 4458 exerceant
522 4423 580 4472 quae
592 4405 625 4457 ad
637 4407 768 4458 ustionem
780 4407 823 4458 vel
836 4406 991 4458 incisionem
1003 4405 1265 4458 inducit.'’-Concil.
1279 4405 1387 4457 Latera-

181 4507 255 4543 nens.
268 4491 319 4543 IV.
331 4507 391 4542 ann.
405 4491 477 4554 1215,
490 4507 511 4541 c.
523 4504 609 4541 xv111.

215 4574 255 4626 To
267 4573 322 4625 this
333 4574 502 4625 unfortunate
517 4573 621 4639 scruple
633 4574 662 4624 of
678 4573 724 4624 the
736 4573 844 4625 Church
859 4574 881 4625 is
899 4573 1068 4625 attributable
1086 4573 1132 4624 the
1150 4572 1284 4638 disrepute
1296 4570 1385 4624 which

181 4657 301 4724 through
312 4674 340 4708 so
352 4674 432 4723 many
443 4673 504 4723 ages
521 4656 642 4708 retarded
660 4657 706 4709 the
724 4674 844 4723 progress
861 4658 891 4708 ol
905 4674 1021 4723 surgery,
1035 4656 1143 4722 causing
1162 4656 1184 4722 it
1195 4663 1222 4707 to
1240 4655 1272 4708 be
1289 4655 1387 4707 looked

180 4757 253 4808 upon
265 4758 293 4792 as
304 4758 320 4792 a
332 4740 529 4805 mechanicam,
542 4748 569 4792 to
581 4740 613 4792 be
625 4740 761 4792 exercised
772 4741 837 4806 only
848 4741 883 4806 by
892 4741 1005 4792 barbers.
