3098 5476
171 537 235 601 104
345 551 947 602 xo1v.nnnnsonor1onnnn
977 553 1222 602 cnurnnxn.
1297 536 1300 540 “

168 733 225 777 sue
239 709 369 776 diocesis
384 710 514 775 uinculo
528 709 861 776 excommunicationis
875 710 1049 795 astrictum,
1060 711 1161 798 ipsius
1175 712 1375 777 contumacia

170 815 325 902 exigente,
341 836 438 878 manu
459 815 548 899 layca
567 813 641 878 fecit
655 814 689 877 in
705 813 908 900 compedibus
930 814 1064 881 detineri
1079 814 1179 882 donec
1196 815 1237 881 de
1259 815 1375 882 stando

171 919 321 984 mandato
343 918 468 983 ecclesie
489 918 628 1005 prestitit
649 919 835 1001 cautionem,
852 928 883 983 et
903 955 1034 969 -—
1057 920 1231 1005 presbitero
1253 918 1375 987 nicario

170 1024 296 1090 ecclesie
321 1023 361 1088 de
386 1061 517 1072 —
542 1021 682 1087 inhibuit
708 1021 794 1108 quod
824 1046 888 1088 non
915 1023 982 1088 sine
1008 1022 1136 1089 licentia
1161 1025 1265 1111 ipsius
1292 1025 1376 1112 epis·

169 1129 241 1214 copi
263 1127 393 1193 domum
416 1126 515 1191 exiret
533 1126 594 1192 nisi
617 1127 706 1211 prius
727 1127 930 1212 conquerenti
952 1127 1133 1195 aduersario
1155 1128 1373 1214 responderet.

170 1233 298 1301 Verum
329 1231 401 1296 licet
430 1231 464 1294 in
495 1229 545 1296 his
575 1253 608 1295 se
636 1230 774 1296 crederet
803 1240 839 1294 ut
868 1230 992 1296 dicebat
1022 1231 1116 1297 officii
1146 1232 1197 1298 sui
1227 1233 1374 1299 debitum

170 1346 380 1423 prosecutum,
404 1336 479 1421 quia
505 1345 610 1400 tamen
641 1335 700 1400 zeli
727 1334 834 1400 feruor
862 1335 1022 1401 interdum
1050 1346 1165 1402 metam
1191 1338 1227 1402 in
1253 1337 1374 1404 talibus

170 1439 353 1507 omnimode
381 1439 588 1525 temperantia
616 1461 681 1504 non
711 1440 868 1523 obseruat‚
900 1462 939 1504 ne
968 1441 1191 1506 conscientiam
1223 1442 1375 1508 stimulus

170 1545 379 1610 dubitationis
401 1551 535 1629 urgeret,
555 1543 587 1606 in
611 1542 669 1608 hoc
691 1542 789 1608 dnbio
811 1565 868 1630 per
890 1543 1098 1610 absolutionis
1120 1545 1310 1611 beneficium
1333 1546 1372 1612 ad

109 1717 112 1724 ,
170 1648 325 1715 cautelam
339 1647 401 1713 sibi
416 1647 507 1733 petiit
523 1645 691 1732 prouideri.
737 1647 806 1712 Nos
828 1657 934 1712 autem
949 1642 989 1712 de
1009 1649 1136 1734 speciali
1151 1649 1277 1715 domini
1293 1673 1374 1737 pape

171 1755 297 1820 licentia
312 1775 351 1818 ne
366 1753 399 1816 in
416 1751 474 1817 hoc
488 1752 517 1816 ei
532 1751 651 1816 cautele
665 1750 783 1816 deesset
798 1751 973 1816 remedium
988 1751 1143 1819 desiderio
1158 1754 1369 1820 satisfecimus

169 1858 321 1945 petitoris,
336 1857 536 1942 iniungentes
559 1854 660 1920 eidem
686 1863 722 1919 ut
743 1854 835 1920 iuxta
856 1856 1057 1922 correctionis
1079 1880 1242 1923 excessum
1269 1860 1369 1945 passis

171 1962 320 2027 iniuriam
343 1959 514 2026 satisfaciat
536 1959 618 2025 sicut
639 1958 740 2024 debet.

646 2155 888 2162 ——-———.-

702 2288 834 2355 XCIV.

460 2479 582 2546 Suana
605 2499 727 2546 nonnn
750 2500 820 2547 nno
842 2480 1080 2549 Ansnnrmns.

216 2658 375 2744 Episcopo
411 2693 551 2719 —.
613 2656 817 2723 Venerabilis
854 2657 954 2742 patris
983 2658 1236 2724 Tarantasiensis
1273 2660 1368 2726 archi·

170 2763 307 2850 episcopi
329 2761 514 2826 transmissa
536 2760 646 2846 petitio
661 2761 842 2825 continebat
857 2761 943 2847 quod
966 2785 1038 2827 cum
1054 2762 1187 2849 quidam
1202 2766 1369 2831 canonicus

124 2889 126 2893 ’
172 2867 326 2954 regularis
347 2866 491 2930 minister
505 2865 620 2930 domus
642 2887 697 2930 sue
716 2875 796 2931 esset
811 2866 851 2931 de
865 2866 1004 2952 periurio
1019 2889 1056 2931 ac
1070 2866 1235 2934 exactione
1249 2871 1369 2935 conuic-

171 2982 224 3038 tus
239 2980 271 3037 et
284 2968 510 3056 incorrigibilis
531 2968 699 3034 haberetur
709 2970 779 3056 capi
794 2970 888 3035 iussit
902 2970 1038 3036 eundem
1053 2980 1085 3036 et
1099 2972 1224 3036 tamdiu
1239 2973 1370 3040 detineri

170 3076 270 3142 donec
284 3097 341 3161 per
352 3075 456 3160 ipsum
468 3096 505 3138 ac
519 3096 591 3139 snos
606 3073 645 3138 de
655 3073 803 3160 dampnis
818 3074 882 3139 iam
893 3074 992 3140 illatis
1007 3076 1041 3139 in
1052 3077 1202 3161 preterito
1213 3078 1370 3144 indemni-

172 3179 248 3246 tate²
265 3179 478 3264 dampnorum
493 3178 527 3241 in
542 3188 703 3263 posterum
718 3179 779 3244 sibi
801 3188 832 3243 et
847 3178 972 3244 ecclesie
994 3202 1050 3245 sue
1071 3179 1240 3247 sufficienti
1264 3184 1370 3250 extitit

171 3285 316 3350 cautione
341 3284 516 3369 prouisum.
561 3282 691 3350 Verum
717 3282 790 3348 licet
817 3283 849 3346 in
876 3283 939 3349 hiis
966 3306 999 3349 se
1024 3283 1162 3350 crederet
1189 3295 1247 3353 etc.
1273 3310 1370 3375 nsque

171 3388 341 3475 prouideri.
388 3387 456 3452 Nos
482 3396 588 3451 antem
611 3395 668 3452 etc.
694 3396 852 3473 quatenus
878 3410 917 3452 ne
943 3388 978 3452 in
1004 3388 1064 3454 hoc
1088 3389 1117 3454 ei
1143 3391 1266 3457 cautele
1291 3392 1370 3458 desit

171 3493 357 3572 remedium,
384 3490 581 3556 satisfaciatis
607 3489 761 3557 desiderio
784 3492 927 3577 petitoris
957 3491 1159 3579 iniungentes
1185 3495 1289 3562 eidem
1314 3507 1369 3564 etc.

172 3621 272 3684 usque
294 3597 375 3662 sicut
396 3595 498 3661 debet.
871 3601 874 3606 '

632 3789 680 3835 nn
703 3789 835 3837 nonan.
859 3770 915 3859 (2).

216 3946 704 4032 ArchiepiscopoTarantasiensi
721 3945 962 4031 [Tarraconensi
969 3945 1011 4036 ?].
1051 3948 1258 4016 Venerabilis
1273 3952 1370 4037 patris

169 4051 306 4136 episcopi
319 4049 535 4115 Gerundensis
545 4050 729 4115 transmissa
741 4051 850 4136 petitio
859 4051 1039 4116 continebat
1050 4052 1135 4138 quod
1151 4076 1223 4119 cum
1237 4056 1368 4142 qnidam

172 4154 276 4219 clerici
300 4177 355 4219 sue
377 4153 508 4219 diocesis
533 4177 622 4218 arma
644 4153 683 4218 de
706 4163 795 4219 nocte
816 4163 977 4240 portantes
1003 4155 1105 4221 multa
1126 4161 1370 4227 commississent

171 4258 314 4324 enormia
328 4268 360 4322 et
371 4258 518 4323 canonice
534 4258 646 4322 moniti
661 4258 702 4323 ab
714 4257 896 4323 huiusmodi
912 4282 977 4324 non
989 4269 1154 4345 cessarent,
1164 4263 1233 4348 ipse
1246 4275 1280 4329 ut
1292 4289 1370 4352 quos

128 4418 130 4421 ,
173 4363 235 4427 Dei
250 4364 346 4427 timor
358 4385 420 4427 non
437 4362 595 4428 reuocabit
606 4384 624 4425 a
637 4363 720 4427 malo
735 4372 852 4427 arceret
867 4364 1016 4429 seueritas
1032 4364 1203 4451 disciplini,
1216 4370 1369 4454 quosdam

102 4475 107 4483 '
172 4490 212 4531 ex
228 4467 304 4553 ipsis
326 4466 472 4531 carcerali
493 4465 565 4531 fecit
580 4465 719 4531 custodie
742 4467 924 4552 mancipari.
971 4468 1097 4535 Verum
1114 4470 1187 4536 licet
1202 4472 1237 4537 in
1253 4473 1318 4539 hiis
1338 4498 1369 4540 se

170 4571 310 4636 crederet
324 4579 381 4635 etc.
398 4580 434 4634 ut
450 4593 554 4656 supra.

672 4707 681 4739 ¹
693 4707 853 4774 Idemtitate,
866 4707 923 4761 MS.
