3098 5476
172 475 214 536 54
285 487 540 537 xxxv11.nn
570 487 620 535 no
649 487 721 544 our
750 486 1009 535 rsnrrmrar
1037 486 1269 535 sasamon

170 648 348 733 pinquitate
361 647 537 712 coniuncta.
584 645 665 711 Sane
677 669 733 711 uos
745 646 823 711 olim
835 655 870 711 ut
882 646 992 711 asserit
1003 645 1219 732 inquisitionis
1235 645 1367 712 officium

170 761 279 818 contra
295 751 447 816 hereticos
469 759 647 815 exercentes
670 750 802 814 fratrem
817 773 912 815 suum
927 751 1056 836 eiusque
1071 750 1232 814 familiam
1248 751 1368 815 uniuer-

170 878 239 920 sam
261 854 488 920 sententialiter
502 853 542 918 de
563 854 664 919 heresi
686 853 940 940 condempnastis
962 863 994 919 et
1010 854 1081 919 lieet
1100 855 1169 939 ipsa
1195 855 1288 919 fratri
1311 878 1367 920 non

169 959 416 1024 communicauit
429 968 538 1023 contra
561 957 666 1040 fidem,
682 957 737 1023 sed
759 958 827 1022 sola
849 957 1064 1023 familiaritate
1086 956 1256 1040 duntaxat,
1274 981 1330 1022 nec
1352 981 1368 1024 a

172 1063 245 1128 fidei
260 1065 442 1148 integritate
457 1063 614 1127 recesserit
629 1062 714 1127 dicto
730 1061 780 1126 uel
797 1061 878 1127 facto
894 1062 1025 1127 consilio
1041 1061 1093 1126 uel
1109 1062 1231 1142 fauore,
1241 1062 1369 1128 nichilo·

172 1168 278 1232 minus
300 1177 405 1231 tamen
428 1165 721 1251 condempnationis
743 1167 931 1231 sententiam
949 1166 1081 1252 pertulit
1099 1189 1171 1231 cum
1194 1165 1323 1247 eodem3
1344 1176 1370 1231 et

117 1354 119 1359 Ι
171 1271 315 1335 cumdio
340 1270 482 1335 latuisset
499 1271 582 1335 sieut
596 1293 652 1355 per
668 1270 788 1335 litteras
811 1279 932 1336 uestras
954 1271 1104 1353 innotuit,
1121 1279 1246 1356 recepta
1268 1280 1368 1336 tamen

170 1376 335 1440 securitate
357 1375 441 1461 quod
465 1398 530 1440 non
553 1372 774 1457 includeretur,
791 1375 824 1438 in
847 1375 1004 1459 presentia
1027 1383 1130 1439 uestra
1148 1375 1330 1459 comparuit
1344 1388 1370 1440 et

170 1503 244 1544 cum
266 1479 433 1565 apostolice
455 1478 537 1543 sedis
559 1479 826 1544 examinationem
844 1487 1003 1563 expeteret
1018 1502 1076 1544 uos
1098 1479 1128 1543 ei
1149 1478 1315 1564 prouideri
1335 1479 1371 1545 (10

170 1584 342 1670 penitentia
364 1582 539 1649 distulistis.
593 1581 697 1668 Super
720 1582 837 1668 quibus
863 1583 1017 1647 instanter
1039 1594 1070 1647 et
1093 1583 1262 1648 humiliter
1284 1585 1371 1670 petiit

170 1689 231 1754 sibi
246 1688 285 1752 de
305 1687 518 1753 misericordia
533 1687 704 1752 subueniri.
752 1686 838 1765 Quia
855 1710 928 1751 uero
944 1688 1107 1772 negotium
1118 1687 1193 1752 fidei
1216 1690 1370 1775 tangitur,

170 1816 210 1857 ne
225 1791 302 1879 quid
321 1791 360 1856 de
374 1792 629 1877 contingentibus
644 1791 844 1874 obmittatur,
862 1791 953 1856 uobis
967 1792 1024 1878 qui
1039 1791 1079 1856 de
1095 1792 1181 1856 fama
1196 1801 1227 1857 et
1243 1815 1371 1858 conuer-

170 1898 290 1962 satione
305 1896 405 1982 ipsius
419 1896 550 1981 potestis
565 1896 679 1960 habere
694 1896 840 1961 notitiam
855 1895 1030 1981 pleniorem
1045 1897 1233 1962 auctoritate
1248 1896 1370 1962 domini

170 2023 250 2086 pape
273 2000 500 2066 committimus
523 2009 678 2085 quatenus
699 2001 726 2064 si
749 2000 901 2085 premissa
917 2001 1049 2065 ueritate
1067 2000 1212 2065 nitantur
1228 2000 1268 2066 de
1283 2002 1372 2067 abso·

170 2104 300 2170 lutionis
323 2104 471 2169 beneficio
487 2103 679 2189 prouideatis
702 2103 813 2184 eidem,
832 2112 867 2167 ut
882 2103 1031 2169 uideretis
1047 2104 1205 2189 expedire,
1221 2106 1371 2170 attentius

170 2209 329 2295 prouisuri
346 2230 407 2294 que
422 2207 463 2272 ad
476 2208 710 2272 munimentum
726 2208 799 2273 fidei
816 2207 938 2273 faciunt
953 2218 1009 2274 etc.

649 2418 894 2428 ————·—-—-r

668 2555 872 2624 XXXVII.

237 2763 294 2828 Da
317 2783 363 2828 no
384 2783 447 2840 om
470 2764 688 2829 Pannonia
711 2765 899 2830 Hannrroo
921 2782 996 2829 non
1018 2783 1059 2828 rra
1082 2763 1303 2832 Ennuosrns.

215 2956 374 3041 Episcopo
389 2994 528 3023 --.
574 2956 732 3020 Presbiter
747 2955 828 3020 lator
843 2955 1037 3041 presentium
1052 2955 1167 3019 humili
1187 2957 1280 3022 nobis
1298 2979 1369 3022 con-

172 3060 304 3125 fessione
322 3061 512 3125 monstrauit
526 3059 611 3145 quod
637 3083 692 3125 uos
708 3059 784 3125 olim
801 3083 837 3124 ea
852 3059 1011 3125 occasione
1025 3059 1196 3125 dumtaxat
1210 3060 1315 3146 ipsum
1330 3061 1368 3126 ab

169 3165 352 3229 executione
377 3186 507 3230 suorum
533 3163 683 3229 ordinum
711 3164 919 3249 suspendistis
945 3163 1031 3250 quod
1056 3164 1216 3250 quendam
1244 3165 1368 3251 laycum

170 3268 337 3333 inuenistis
359 3291 399 3333 ex
418 3268 520 3333 officio
535 3267 751 3353 inquisitionis
774 3268 956 3350 hereticum,
972 3267 1022 3332 cui
1045 3267 1219 3354 aliquando
1234 3267 1270 3332 id
1285 3292 1369 3356 pres-

172 3373 251 3438 biter
274 3374 355 3438 sicut
381 3372 471 3437 nobis
500 3372 661 3438 confessus
686 3372 756 3455 fuit,
777 3371 901 3457 aliquos
926 3372 1072 3437 denarios
1102 3373 1135 3436 in
1165 3373 1368 3439 elemosinam

168 3476 307 3560 dederat,
329 3476 458 3542 credens
480 3477 587 3561 ipsum
609 3475 784 3541 orthodoxe
811 3476 885 3541 fidei
911 3475 1090 3542 zelatorem.
1144 3476 1275 3544 Verum
1298 3501 1369 3543 cnm

169 3581 310 3666 prefatus
344 3580 497 3666 presbiter
523 3602 686 3665 nunquam
717 3579 851 3645 credidit
881 3580 1092 3646 hereticorum
1121 3582 1284 3647 erroribus
1314 3605 1369 3648 nec

168 3686 301 3750 scienter
330 3684 476 3750 habuerit
512 3685 715 3770 participium
745 3707 818 3748 curn
848 3684 966 3749 eisdem
1003 3708 1059 3750 nec
1096 3697 1127 3750 et
1157 3697 1370 3751 memoratum

170 3789 295 3874 laycum
321 3789 448 3854 sciuerit
472 3788 631 3853 erroribus
661 3788 809 3873 predictis
840 3788 995 3853 infectum
1025 3789 1219 3874 supplicauit
1249 3812 1269 3855 a
1299 3791 1370 3856 sede

80 3963 82 3968 ,
169 3893 338 3978 apostolica
363 3893 425 3958 sibi
455 3915 549 3978 super
575 3893 772 3957 restitutione
799 3892 893 3957 officii
925 3893 1167 3958 misericorditer
1197 3895 1368 3978 prouideri.

170 3998 256 4076 Quia
282 4020 357 4062 uero
383 3996 422 4061 de
451 3997 534 4062 facto
560 4005 615 4062 etc.
640 3997 824 4062 auctoritate
849 3996 974 4061 domini
1001 4020 1081 4082 pape
1111 3998 1217 4083 ipsum
1244 3999 1283 4063 ad
1313 4022 1370 4066 uos

168 4100 320 4189 duximus
346 4100 570 4165 remittendum
592 4111 628 4163 ut
652 4123 707 4164 uos
734 4101 794 4186 ipsi
822 4101 912 4165 iuxta
935 4101 1072 4166 formam
1096 4102 1221 4166 ecclesie
1242 4103 1370 4169 absolu-

74 4247 77 4254 *
169 4206 264 4270 tionis
294 4205 480 4269 beneficium
510 4205 701 4290 impendatis
730 4214 761 4270 et
787 4205 960 4269 secundum
988 4206 1197 4291 quantitatem
1224 4230 1369 4273 excessus

168 4310 372 4396 penitentiam
404 4310 576 4395 iniungatis
602 4309 714 4392 eidem,
738 4310 897 4394 prouisuri
929 4309 961 4372 in
988 4309 1109 4374 talibus
1135 4333 1196 4396 que
1224 4311 1266 4375 ad
1293 4311 1367 4377 fidei

170 4414 291 4478 faciunt
313 4414 545 4477 munimentum
569 4425 599 4477 et
622 4415 834 4500 integritatem
857 4413 1060 4478 ecclesiastice
1083 4415 1225 4480 unitatis.
