3098 5476
204 564 263 613 v1.
291 565 341 612 nn
370 565 569 612 noonnsrn
597 564 833 612 srnonrnon
863 564 1104 613 onrnnrrA.
1216 550 1257 614 13

56 722 237 788 conditione
267 722 376 808 preuia
406 732 635 808 procurarunt3
669 746 732 809 quo
763 732 930 808 procurato
960 732 990 788 et
1020 724 1257 810 computatione

56 835 245 912 sumptuum
263 826 345 891 facta
359 826 463 891 dictus
479 827 527 892 M.
544 849 602 912 pro
623 836 690 892 rata
705 849 763 892 sua
787 825 822 882 ΡΞ
847 827 953 893 soldos
976 827 1109 913 legionis
1132 838 1257 893 monete

786 885 813 916 lll

55 930 211 1016 persoluit
233 931 288 1016 qui
312 930 483 995 ualentiam
506 931 641 996 duorum
670 886 844 997 solidoruiu
870 932 1091 997 turonensium
1115 955 1180 997 nou
1203 955 1259 997 ex-

55 1035 183 1100 cedunt.
232 1034 334 1120 Super
356 1058 420 1121 quo
443 1044 498 1101 eto.
544 1033 614 1100 Nos
636 1044 742 1099 autem
765 1044 822 1101 etc.
843 1059 943 1122 usque
965 1045 1131 1122 quatenus,
1155 1036 1260 1122 inqui·

55 1139 119 1204 sita
133 1162 228 1224 super
242 1139 405 1224 premissis
426 1138 611 1224 diligentius
626 1139 767 1222 ueritate,
784 1141 811 1204 si
830 1162 897 1204 rem
913 1141 1101 1205 inueneritis
1124 1141 1168 1205 ita
1183 1163 1259 1223 esse,

56 1266 123 1307 non
139 1243 290 1328 reputetis
305 1243 450 1307 eumdem
467 1266 506 1307 ex
523 1243 584 1307 hiis
600 1243 841 1328 irregularitatis
858 1244 1085 1329 impedimento
1099 1245 1209 1328 teneri,
1219 1245 1260 1309 ad

55 1346 216 1411 cautelam
232 1355 339 1411 tamen
356 1346 496 1433 aliquam
512 1347 573 1412 sihi
590 1348 796 1432 penitentiam
812 1348 997 1434 iniungatis.

517 1557 565 1602 nn
589 1557 720 1604 sonan.
745 1538 802 1624 (3).

104 1713 262 1798 Episcopo
279 1712 457 1779 Firmano.l
495 1753 627 1763 —
639 1714 803 1799 presbiteri
819 1714 928 1779 latoris
944 1716 1138 1799 presentium
1150 1715 1261 1800 petitio

54 1818 239 1882 continebat
248 1818 333 1904 quod
347 1819 413 1903 ipse
422 1818 500 1882 olim
509 1818 654 1903 episcopo
665 1818 854 1882 Humanatd
865 1842 924 1903 pro
933 1842 1020 1884 cereo
1030 1820 1087 1905 qui
1099 1820 1262 1884 consueuit

56 1921 165 1986 offerri
186 1922 276 1986 nulla
298 1922 477 1988 conditione
499 1945 555 1986 seu
577 1923 721 2008 pactione
743 1923 854 2008 preuia
878 1923 920 2008 uij
947 1923 1026 1988 sold.
1051 1933 1261 1988 rauenuatum
1323 1979 1325 1983 ,

55 2026 147 2090 dedit
173 2027 272 2112 gratis
301 2050 374 2090 cum
404 2027 444 2091 ab
476 2049 511 2091 eo
538 2026 602 2090 fuit
631 2026 670 2090 de
701 2037 803 2091 uestra
835 2027 960 2092 licentia
991 2028 1024 2090 iu
1052 2028 1262 2113 presbiterum

55 2130 234 2214 ordinatus
258 2131 337 2195 alias
363 2131 458 2195 etiam
483 2141 558 2194 tunc
584 2130 652 2195 sine
678 2131 738 2195 hoc
762 2130 989 2196 nichilominus
1015 2133 1261 2217 promouendus.

57 2235 163 2321 Super
188 2257 252 2320 quo
282 2235 343 2300 sibi
373 2235 463 2320 petiit
491 2244 546 2301 etc.
604 2235 673 2299 Nos
698 2243 806 2299 autem
832 2245 888 2300 etc.
916 2245 1072 2321 quatenus
1103 2236 1130 2300 si
1160 2236 1264 2302 dictus

56 2339 360 2425 —presbiter
382 2362 446 2404 non
468 2362 507 2402 ex
530 2347 621 2424 pacto
638 2339 689 2403 uel
711 2339 891 2404 conditione
914 2340 1024 2425 preuie
1040 2341 1263 2425 promissionis

56 2443 166 2508 denar.
184 2443 365 2528 hujusmodi
382 2443 528 2525 contulit,
545 2443 597 2507 uel
620 2466 728 2507 eorum
744 2444 878 2508 obtentu
893 2467 957 2508 non
974 2443 1071 2509 fuerit
1087 2444 1263 2529 ordinatus

57 2548 202 2612 iniuncta
226 2548 253 2611 ei
278 2548 451 2632 penitentia
475 2547 516 2611 ad
540 2547 693 2612 cautelam
721 2549 826 2633 ipsum
852 2549 884 2612 in
910 2549 1061 2634 susceptis
1092 2547 1261 2614 ordinibus

56 2652 238 2717 dimittatis.

518 2775 566 2820 nn
589 2775 721 2821 nonan.
746 2756 805 2843 (4).

104 2929 264 3017 Episcopo
272 2971 414 2994 —.
446 2931 570 2995 Fratris
584 2930 622 2996 G.
635 2931 778 2995 monachi
792 2933 892 2996 sancti
902 2930 1073 2996 Fortunati
1085 2932 1265 2996 de—

57 3035 214 3101 confessio
229 3036 409 3100 continebat
424 3034 509 3122 quod
532 3036 599 3121 ipse
614 3036 691 3100 olim
707 3036 844 3101 existens
861 3037 895 3100 in
910 3037 1014 3101 seculo
1029 3037 1263 3124 archiepiscopo

61 3139 246 3226 Compsano
261 3140 302 3204 ad
318 3163 399 3226 opus
420 3140 546 3205 ecclesie
565 3163 625 3227 que
642 3150 718 3204 tunc
740 3140 898 3225 inceperat
914 3143 1063 3226 reparari,
1082 3141 1171 3206 nulla
1191 3165 1262 3227 pac·

57 3245 146 3309 tione
172 3267 225 3309 seu
248 3244 428 3309 conditione
454 3245 564 3330 preuia
591 3243 679 3308 dedit
700 3246 799 3329 gratis
826 3245 883 3330 iiij.
908 3254 1033 3310 tarenos
1060 3245 1262 3312 Salernitane

59 3359 185 3414 monete
199 3371 270 3412 cum
288 3349 379 3414 abeo
395 3348 458 3412 fuit
473 3349 506 3411 iu
522 3348 691 3412 diaconum
707 3348 872 3413 ordinatus
895 3349 973 3413 alias
989 3351 1085 3414 etiam
1101 3359 1178 3414 tunc
1193 3352 1263 3415 siue

58 3453 120 3518 hoc
142 3452 368 3518 nichilominus
392 3453 637 3538 promouendus
683 3453 785 3539 Super
800 3477 864 3539 quo
883 3464 939 3518 etc.
986 3453 1056 3518 Nos
1079 3465 1184 3519 autem
1203 3464 1261 3519 etc.

60 3565 217 3642 utsupra.

540 3664 785 3672 ——.

629 3781 695 3850 VI.

136 3971 268 4052 ¹Surus
292 3992 337 4038 no
360 3992 455 4048 ouon
478 3991 595 4037 Possm
618 3992 757 4037 nannai
782 3973 958 4038 Econastn
982 3973 1185 4039 Sruournon

559 4077 766 4142 Onrnurrn.

105 4250 262 4318 Vidimus
277 4253 398 4317 litteras
411 4275 489 4338 quas
504 4275 562 4337 pro
574 4251 673 4316 latore
689 4253 883 4337 presentium
895 4253 1024 4318 domino
1037 4276 1118 4339 pape
1131 4255 1262 4320 misistis

59 4366 118 4421 etc.
144 4379 242 4442 usque
268 4366 424 4442 quatenus
450 4365 618 4442 postquam
644 4356 727 4421 idem
752 4358 786 4420 in
810 4357 957 4421 manibus
984 4359 1097 4422 uestris
1124 4359 1263 4444 resigna-

96 4546 104 4578 ¹
121 4547 179 4598 The
190 4564 232 4599 see
243 4547 273 4599 of
286 4547 383 4599 Formo
395 4565 447 4599 was
458 4556 505 4599 not
517 4548 619 4600 erected
632 4549 688 4599 into
701 4565 735 4600 an
747 4548 974 4614 archiepiscopate
987 4549 1057 4600 until
1071 4551 1144 4601 1589,

95 4629 105 4660 ²
117 4630 174 4682 The
191 4631 326 4697 bishopric
341 4632 371 4681 of
388 4631 521 4695 Humana,
535 4649 599 4683 near
611 4633 714 4696 Loret0‚
728 4650 780 4683 was
798 4631 890 4683 united
903 4632 967 4683 with
987 4632 1045 4683 that
1057 4634 1087 4684 of
1103 4634 1214 4684 Ancona
1228 4634 1263 4700 by

60 4713 164 4765 Martia
176 4714 211 4767 V.
224 4714 252 4765 in
266 4715 339 4764 1422.
