3098 5476
169 547 232 612 112
291 563 375 613 CIV.
400 563 449 610 DE
477 561 689 609 PROMOTIS
716 561 913 609 TEMPORE
941 560 1029 608 ‘NON
1058 560 1262 609 STATUTO.

626 790 674 834 DE
698 789 829 835 uonEM.
854 771 912 857 (2).

213 946 373 1011 Accedens
395 945 437 1010 ad
458 944 563 1010 sedem
585 945 788 1031 apostolicam
815 944 911 1010 frater
935 945 973 1008 P.
991 944 1074 1009 lator
1096 945 1293 1031 presentium
1317 967 1375 1009 sua

169 1051 261 1116 nobis
285 1050 478 1116 confessione
500 1050 690 1115 monstrauit
712 1048 798 1135 quod
821 1072 893 1113 cum
916 1049 994 1113 olim
1015 1050 1066 1134 pie
1089 1048 1241 1114 memorie
1263 1048 1376 1134 prede·

168 1178 271 1221 cessor
284 1163 387 1220 uester
401 1154 462 1219 sub
475 1177 557 1240 pena
572 1151 903 1221 excommunicationis
919 1153 1132 1238 prohibuisset
1148 1176 1186 1218 ne
1202 1153 1376 1239 quisquam

167 1259 287 1345 absque
301 1281 358 1324 suo
375 1257 523 1323 mandato
537 1257 579 1322 ad
594 1256 721 1323 ordines
743 1256 958 1343 suscipiendos
976 1256 1142 1340 accederet,
1159 1256 1246 1322 idem
1263 1257 1374 1337 frater,

169 1364 248 1428 iuris
274 1363 453 1449 ignorantia
476 1372 507 1426 et
531 1362 742 1447 simplicitatis
768 1384 872 1427 errore
896 1361 1045 1426 laborans
1072 1361 1321 1427 subdiaconatus
1346 1373 1377 1426 et

168 1467 351 1533 diaconatus
381 1467 506 1532 ordines
533 1466 667 1531 diuersis
695 1476 802 1531 tamen
832 1465 1027 1551 temporibus
1053 1474 1162 1530 contra
1186 1464 1375 1530 huiusmodi

167 1570 413 1659 prohibitionem
443 1571 588 1657 suscepit,
609 1579 641 1635 et
670 1570 704 1634 in
728 1569 846 1634 eisdem
872 1569 1076 1656 postmodum
1103 1569 1311 1652 ministrauit,
1340 1593 1375 1634 ac

169 1675 329 1741 mentione
357 1696 421 1740 non
446 1675 554 1740 habita
578 1674 618 1739 de
644 1674 813 1760 premissis,
838 1697 857 1738 a
882 1674 973 1739 uobis
1004 1673 1067 1738 fuit
1096 1674 1131 1737 in
1161 1673 1374 1759 presbiterum

169 1778 344 1846 ordinatus.
391 1778 535 1843 Tandem
555 1801 612 1864 per
626 1778 763 1844 aliorum
785 1778 988 1864 prudentiam
1011 1801 1101 1843 suam
1123 1777 1374 1864 imprudentiam

170 1905 402 1970 recognoscens,
418 1882 458 1948 de
481 1884 655 1969 peritorum
680 1883 809 1948 scientia
833 1905 888 1947 sue
912 1883 1005 1968 culpe
1029 1883 1174 1947 notitiam
1199 1881 1373 1968 apprehen·

168 1988 248 2053 dens
268 1987 308 2052 ad
332 1986 457 2073 frugem
473 1987 611 2052 melioris
634 1988 699 2052 uite
721 2010 754 2051 se
776 1987 949 2070 transtulit,
966 1988 999 2050 in
1015 1987 1110 2052 domo
1125 1987 1239 2072 templi
1263 1987 1372 2051 habitu

169 2092 332 2178 religionis
365 2101 538 2178 assumpto,
570 2110 605 2155 ut
635 2092 695 2156 sub
725 2091 878 2176 regularis
908 2090 1106 2156 obseruantia
1143 2091 1315 2176 disciplina
1344 2107 1372 2154 et

169 2196 309 2282 dampna
323 2196 465 2282 pretemti
487 2196 638 2281 temporis
652 2195 774 2271 defleat,
791 2205 822 2260 et
837 2195 938 2259 futuri
962 2195 1110 2282 reliquias
1133 2219 1196 2260 non
1213 2195 1371 2260 obmittat.

170 2301 319 2367 Ceterum
346 2300 439 2364 utin
462 2301 578 2386 quibus
603 2299 736 2365 offendit
758 2300 791 2363 in
816 2299 932 2364 eisdem
957 2323 1013 2364 suo
1037 2299 1209 2365 satisfaciat
1230 2300 1371 2382 creatori,

146 2468 150 2477 ,
170 2404 334 2470 humiliter
358 2405 550 2490 supplicauit
575 2405 610 2468 in
634 2402 800 2469 ordinibus
826 2405 871 2469 sic
896 2405 1049 2490 susceptis
1074 2404 1137 2489 sibi
1160 2403 1372 2470 misericordie

171 2511 299 2574 ianuam
320 2509 445 2594 aperiri.
498 2508 584 2587 Quia
609 2531 685 2573 uero
709 2507 771 2572 hiis
795 2509 850 2594 qui
876 2509 909 2572 in
933 2508 1144 2573 amaritudine
1168 2509 1276 2573 anime
1299 2517 1373 2573 suut

169 2613 394 2678 consolationis
416 2622 462 2677 est
485 2612 622 2678 remedio
644 2612 890 2676 succurrendum
912 2622 948 2676 nt
963 2622 1034 2698 post
1049 2613 1221 2698 penitentie
1243 2614 1372 2677 uerbera

171 2717 297 2804 pietatis
319 2719 415 2782 uerba
438 2717 584 2799 sentiant,
608 2716 785 2802 predictum
807 2717 845 2781 P.
870 2717 907 2781 de
933 2718 1119 2782 auctoritate
1145 2716 1269 2782 domini
1294 2739 1373 2803 pape

171 2817 441 2902 circumspectioni
467 2826 570 2881 uestre
595 2817 823 2882 committimus
847 2826 1003 2902 quatenus
1029 2817 1172 2882 iniuncta
1198 2816 1260 2882 sibi
1286 2818 1374 2902 peni-

172 2922 272 2986 tentia
301 2922 488 3006 competenti
526 2930 581 2987 etc.
612 2943 711 3006 usque
749 2944 813 2985 non
843 2921 984 3003 obsistat,
1014 2921 1159 3007 petitioni
1193 2922 1260 2986 eius
1294 2922 1375 2985 circa

172 3026 357 3111 premissam
380 3025 515 3111 gratiam
537 3025 628 3110 pium
650 3024 841 3110 impendatis
863 3026 1089 3110 prosecutionis
1112 3025 1268 3090 effectum.

648 3221 904 3228 --—---——-—.

729 3371 822 3438 CIV.

396 3564 453 3627 DE
476 3563 657 3629 Psonoms
680 3565 855 3628 TEMPORE
878 3582 952 3628 non
975 3562 1144 3629 Srnruro.

220 3739 470 3826 Archiepiscopo
492 3778 632 3805 —.
678 3739 836 3804 Johannis
859 3739 1026 3824 presbiteri
1049 3738 1159 3805 latoris
1181 3740 1377 3825 presentium

173 3845 285 3933 petitio
308 3844 489 3909 continebat
512 3844 597 3930 quod
624 3845 786 3929 perbone
812 3844 961 3909 memorie
986 3843 1170 3908 Manuelem
1194 3845 1377 3930 episcopum

175 3948 373 4016 ordinarium
402 3971 497 4012 suum
526 3959 667 4013 uestrum
699 3949 933 4033 suffraganeum
963 3949 997 4012 in
1027 3971 1103 4013 cena
1133 3947 1256 4013 domini
1286 3950 1378 4014 iuxta

173 4051 431 4119 consuetudinem
459 4052 636 4139 quinimmo
666 4053 803 4117 abusum
832 4064 914 4117 terre
940 4053 1066 4118 ordines
1095 4052 1306 4118 celebrantem
1336 4052 1377 4118 ad

173 4157 397 4244 presbiteratus
431 4157 574 4222 ordinem
608 4166 656 4222 est
683 4168 857 4242 promotus.
928 4157 1025 4236 Quod
1059 4179 1131 4220 cum
1164 4156 1205 4221 ad
1239 4167 1377 4222 uestram

73 4345 74 4348 Ἴ
174 4262 369 4349 peruenisset
393 4261 538 4327 notitiam
566 4260 703 4326 eundem
729 4261 938 4346 presbiterum
964 4262 1004 4326 ab
1030 4262 1213 4327 executione
1238 4263 1284 4327 sic
1309 4285 1378 4328 sus-

172 4368 256 4452 cepti
276 4366 398 4431 ordinis
420 4366 635 4451 suspendistis.
681 4366 783 4452 Super
798 4389 861 4452 quo
881 4365 1051 4451 apostolice
1073 4365 1155 4432 sedis
1177 4366 1378 4431 clementiam

171 4470 253 4536 adiit
277 4480 384 4556 petens
407 4470 468 4534 sibi
490 4470 558 4534 eius
580 4470 780 4555 prouidentia
804 4470 1046 4536 misericorditer
1068 4471 1242 4536 subueniri.
1291 4472 1379 4549 Quia

176 4597 250 4640 uero
262 4575 306 4640 sic
317 4574 403 4638 decet
414 4573 554 4660 pulsanti
570 4574 697 4638 ianuam
709 4574 919 4639 misericordie
934 4575 1049 4661 aperiri
1061 4574 1146 4661 quod
1157 4598 1223 4640 non
1234 4576 1378 4642 soluatur

174 4679 340 4742 uinculum
359 4678 561 4742 ecclesiastice
583 4677 757 4763 discipline,
774 4678 878 4763 ipsum
895 4678 935 4743 ad
959 4701 1015 4744 uos
1037 4678 1190 4742 duximus
1212 4681 1378 4744 remitten-
