3098 5476
294 548 415 598 xxrv.
440 549 490 596 nn
519 549 583 596 xrs
612 547 684 604 our
712 548 955 598 rurnasuur
984 549 1244 599 uonrornns.
1330 537 1375 600 33

168 747 236 810 quo
262 747 335 788 cum
359 724 566 810 postmodum
592 724 748 789 inmemor
773 723 988 810 predictorum
1016 734 1183 811 promotus
1214 724 1312 791 fueris
1341 723 1378 789 in

170 829 358 915 episcopum
374 828 560 915 supplicasti
583 827 687 893 asede
709 829 880 915 apostolica
896 829 1026 894 salutari
1048 828 1108 893 tibi
1124 829 1256 894 consilio
1270 829 1378 916 proui-

170 932 250 1000 deri.
296 933 365 998 Nos
380 942 487 998 autem
502 931 541 997 de
556 932 684 1018 speciali
701 932 850 997 mandato
865 933 988 998 domini
1003 956 1085 1019 pape
1100 933 1158 998 tibi
1175 933 1377 998 rescribimus

170 1047 329 1123 quatenus
350 1036 555 1103 consideratis
577 1037 678 1122 ipsius
701 1037 776 1102 facti
798 1038 1042 1103 circumstantiis
1065 1037 1243 1124 diligenter,
1268 1038 1294 1103 si
1317 1039 1377 1103 scis

170 1142 225 1206 uel
256 1141 464 1228 probabiliter
489 1140 590 1206 credis
616 1141 803 1206 seruientem
831 1141 923 1205 illum
951 1165 1047 1228 quem
1073 1142 1217 1207 excitasti
1247 1152 1378 1228 propter

170 1246 308 1310 uerbum
330 1255 423 1310 tuum
446 1268 520 1310 cum
542 1245 614 1310 aliis
638 1245 679 1310 ad
703 1255 837 1310 mortem
860 1245 1082 1332 condempnati
1107 1247 1212 1328 inisse,
1231 1246 1377 1312 consulas

169 1351 279 1415 anime
295 1360 347 1414 tue
361 1350 532 1416 cessatione
554 1372 714 1415 sacrorum
729 1359 761 1415 et
777 1350 914 1416 remedio
929 1351 1084 1418 cessionis.
1129 1351 1286 1437 Alioquin
1301 1373 1377 1416 con-

168 1453 337 1520 scientiam
359 1453 518 1541 deponens
540 1477 703 1520 erroneam
725 1454 758 1518 in
781 1455 845 1519 tuis
869 1454 1027 1520 ministres
1050 1455 1215 1520 ordinibus
1237 1455 1264 1520 si
1286 1454 1375 1520 aliud

168 1559 360 1647 canonicum
376 1582 439 1624 non
456 1558 599 1624 obsistat.

701 1851 846 1918 XXIV.

169 2044 230 2107 Du
259 2061 315 2107 urs
343 2062 406 2120 our
430 2043 637 2107 Iurxasuur
660 2043 869 2108 Hourcmrrs
896 2062 970 2108 uon
999 2043 1143 2108 Daunus
1172 2044 1374 2109 Consrmuu

525 2165 598 2212 van
621 2147 727 2211 Opuu
750 2148 1023 2213 Oocruuurmus

217 2321 471 2409 Archiepiscopo
487 2321 669 2387 Senonensi.
718 2322 846 2388 Latoris
861 2324 1052 2408 presentium
1069 2323 1179 2410 petitio
1194 2323 1375 2388 continebat

168 2425 260 2512 quod
282 2426 360 2491 olim
376 2425 507 2512 quidam
527 2426 682 2513 presbiter
698 2449 761 2491 una
776 2426 827 2492 die
849 2427 1004 2492 adulterio
1020 2450 1056 2492 ac
1078 2426 1249 2493 homicidio
1263 2450 1375 2514 perpe-

168 2531 264 2595 tratis
287 2531 320 2594 in
341 2529 480 2616 quadam
502 2530 629 2595 ecclesia
652 2540 688 2595 ut
704 2530 841 2596 furorem
865 2532 1098 2617 insequentium
1113 2541 1144 2597 et
1159 2532 1270 2597 mortis
1292 2532 1375 2596 uita-

170 2644 220 2700 ret
239 2634 417 2721 periculum
441 2658 472 2700 se
495 2635 621 2720 recepit,
638 2657 734 2720 quam
758 2635 868 2721 populi
892 2635 1065 2701 multitudo
1088 2635 1201 2700 iudicis
1224 2636 1375 2702 mandato

169 2739 382 2822 circumdans,
400 2739 503 2804 ianuis
524 2739 649 2804 ecclesie
673 2739 792 2819 fractis,
808 2739 968 2826 prefatum
984 2740 1192 2826 presbiterum
1209 2739 1373 2805 admotum

169 2852 263 2909 extra
287 2843 449 2908 ecclesiam
474 2842 664 2926 occiderunt,
689 2843 798 2908 eodem
821 2882 953 2893 --
977 2845 1032 2930 qui
1057 2855 1180 2909 coactus
1203 2844 1245 2910 ad
1269 2845 1374 2909 locum

169 2956 341 3012 accesserat
356 2946 588 3012 contradicente
602 2970 638 3011 ac
652 2947 779 3034 penitus
802 2947 972 3013 inhibente.
1020 2949 1146 3017 Verum
1163 2973 1233 3013 cum
1251 2949 1374 3034 ignoret

170 3060 282 3117 utrum
298 3074 355 3117 uos
371 3051 406 3115 in
421 3051 495 3116 illos
510 3074 617 3116 omnes
636 3051 691 3137 qui
706 3061 783 3116 tunc
804 3062 999 3118 accesserunt
1013 3053 1053 3117 ad
1072 3052 1177 3117 locum
1192 3075 1373 3118 excommu-

171 3155 339 3220 nicationis
362 3156 548 3221 sententiam
571 3155 723 3221 tulissetis
745 3166 776 3221 et
793 3166 969 3242 patratores
991 3158 1149 3222 commissi
1172 3158 1297 3222 sceleris
1318 3156 1374 3221 de·
1466 3233 1468 3238 Ι
1508 3202 1512 3210 ·

171 3259 364 3325 nunciaretis
375 3260 504 3325 canonis
514 3261 667 3324 sententie
677 3259 846 3345 subiacere,
857 3283 893 3325 ac
905 3261 970 3347 ipse
981 3285 1045 3326 non
1057 3260 1164 3326 credat
1175 3262 1208 3325 in
1220 3283 1370 3326 canonem

170 3363 319 3428 incidisse
335 3365 391 3450 qui
405 3365 548 3429 animum
565 3363 690 3429 ledeudi
706 3387 771 3429 non
787 3364 908 3446 habuit,
925 3365 976 3430 sed
995 3366 1101 3452 potius
1117 3364 1282 3446 liberandi,
1300 3388 1373 3451 sup·

170 3468 304 3555 plicauit
325 3461 382 3534 etc.
430 3467 515 3545 Quia
538 3491 612 3533 uero
635 3477 691 3534 etc.
709 3492 808 3555 usque
830 3469 856 3533 si
880 3469 964 3534 dicta
987 3471 1119 3534 ueritate
1142 3463 1286 3534 nitantur
1307 3492 1373 3533 non

171 3572 324 3660 reputetis
346 3572 484 3637 eundem
500 3573 629 3637 canonis
644 3574 968 3638 excommunicatione
983 3573 1128 3659 ligatum.
1174 3574 1271 3652 Quod
1290 3573 1316 3638 si
1333 3591 1373 3638 ex

169 3700 293 3742 accessu
316 3677 469 3763 premisso
491 3676 659 3742 dumtaxat
679 3679 783 3764 ipsum
807 3679 961 3743 sententia
984 3688 1088 3743 uestra
1110 3678 1224 3765 ligauit
1238 3678 1373 3743 eundem

169 3783 261 3847 iuxta
285 3781 419 3846 formam
442 3781 568 3846 ecclesie
589 3781 771 3862 absoluatis,
795 3782 916 3846 sicum
940 3782 1130 3868 culpabilem
1155 3783 1186 3846 in
1210 3783 1373 3868 premissis

172 3896 267 3972 prqut
282 3907 428 3950 excessus
444 3887 583 3971 exegerit
598 3887 782 3971 processuri.

635 4113 683 4157 un
707 4113 836 4160 uouuu.
861 4093 919 4182 (2).

216 4268 336 4333 Abbati
352 4306 491 4336 ———.
538 4270 603 4333 Pro
614 4269 666 4335 W.
680 4270 831 4335 monacho
847 4271 1028 4334 monasterii
1043 4271 1141 4335 uestri
1157 4270 1218 4335 fuit
1229 4272 1373 4356 proposi-

169 4382 241 4437 tum
253 4395 359 4438 coram
373 4373 465 4438 nobis
480 4373 564 4460 quod
581 4373 647 4460 ipse
659 4374 737 4439 olim
749 4373 833 4438 infra
848 4373 1043 4439 discretionis
1054 4397 1153 4440 annos
1165 4376 1301 4440 existens
1312 4376 1373 4440 iuit

171 4478 300 4542 uisurus
322 4478 477 4564 quosdam
502 4479 658 4561 mortifici,
676 4478 710 4542 in
726 4499 865 4565 quorum
882 4488 1015 4544 mortem
1032 4502 1095 4544 non
1111 4479 1198 4544 dedit
1213 4502 1306 4565 opem
1321 4478 1372 4543 uel

170 4603 308 4668 operam,
320 4582 404 4647 dicto
421 4582 471 4646 ucl
488 4581 579 4664 facto,
590 4582 722 4648 consilio
738 4582 788 4647 uel
806 4582 923 4648 fauore.
963 4583 1090 4650 Verum
1106 4606 1146 4647 ne
1161 4606 1217 4668 per
1232 4582 1370 4668 aliquem

169 4685 333 4771 contingat
356 4686 417 4751 sibi
441 4709 481 4750 ex
504 4686 564 4752 hoc
587 4686 829 4773 irregularitatis
852 4687 1035 4774 scrupulum
1060 4688 1163 4770 obiici,
1179 4687 1372 4773 supplicauit
