3098 5476
377 561 501 610 xxix.
525 562 576 608 nn
604 560 894 608 orrenssroua
922 559 1173 608 nonnosum.
1332 544 1376 609 47

170 723 206 785 in
218 721 354 786 clericali
370 701 482 785 habitu
493 729 675 786 remaneret.
714 720 816 805 Super
828 743 891 806 quo
902 721 1057 785 instanter
1068 729 1099 785 et
1109 720 1274 786 humiliter
1285 721 1376 806 petiit

169 826 234 892 sibi
246 827 284 890 de
296 825 508 890 misericordia
517 825 685 911 apostolice
696 824 779 889 sedis
790 824 960 909 prouideri.
995 822 1030 888 N
1031 847 1066 890 os
1077 834 1183 889 autem
1192 824 1231 889 de
1246 825 1374 910 speciali

169 929 325 995 mandato
347 929 469 994 domini
491 951 572 1015 pape
593 928 752 1015 prefatum
773 929 817 995 H.
834 928 874 993 ad
897 951 953 994 uos
977 928 1127 994 duximus
1150 928 1376 994 remittendum

170 1043 279 1100 uestre
303 1033 470 1119 prudentie
496 1033 727 1099 committentes
757 1042 911 1119 quatenus
940 1032 1082 1097 iniuncta
1108 1033 1168 1097 sibi
1199 1055 1293 1119 super
1320 1033 1377 1097 tali

170 1137 346 1205 homicidio
360 1138 533 1223 penitentia
554 1137 738 1222 congruenti
753 1136 793 1201 ad
817 1137 943 1202 ordines
958 1160 1066 1202 omnes
1089 1159 1191 1202 sacros
1213 1160 1376 1202 ascensum

171 1243 370 1308 interdicatis
395 1242 506 1326 eidem,
533 1265 676 1307 concesso
706 1242 735 1306 ei
765 1250 801 1306 ut
826 1251 991 1308 tonsuram
1017 1250 1047 1306 et
1073 1264 1221 1307 coronam
1251 1242 1377 1328 publice

170 1347 296 1412 deferat
318 1359 349 1412 et
371 1347 540 1432 privilegio
562 1345 696 1432 gaudeat
718 1345 865 1411 clericali.

638 1591 686 1634 nn
709 1590 840 1638 nonum.
865 1572 922 1657 (6).

221 1763 381 1850 Episcopo
398 1802 539 1830 —.
585 1763 731 1849 Receptis
754 1762 867 1827 litteris
889 1763 1002 1828 uestris
1024 1771 1079 1828 etc.
1096 1785 1195 1848 usque
1216 1762 1323 1847 ipsum
1345 1765 1377 1826 in

173 1868 354 1933 minoribus
376 1867 544 1932 dumtaxat
559 1867 724 1932 ordinibus
746 1867 894 1950 toleretis
910 1866 1045 1931 eundem
1063 1867 1098 1929 in
1116 1889 1172 1932 suo
1188 1867 1380 1933 monasterio

173 1972 273 2058 recipi
302 1971 458 2054 facientes,
475 1994 539 2036 non
562 1972 706 2036 obstante
729 1970 879 2036 mandato
902 1970 987 2057 quod
1009 1972 1038 2036 ei
1060 1970 1159 2035 abbas
1182 1970 1222 2035 de
1244 1993 1308 2036 non
1334 1994 1378 2041 re

172 2077 304 2143 deundo
326 2075 367 2141 ad
389 2077 563 2141 claustrum
582 2075 690 2141 fecisse
707 2075 824 2139 dieitur
844 2075 903 2140 sub
923 2075 1031 2140 debito
1053 2075 1177 2160 prestiti
1198 2075 1377 2156 iuramenti,

172 2181 419 2267 dispensationis
442 2179 654 2245 misericordia
668 2181 702 2244 in
718 2200 821 2245 sacros
845 2179 971 2245 ordines
994 2202 1013 2244 a
1033 2178 1106 2244 sede
1128 2179 1300 2264 apostoliea
1314 2203 1379 2245 non

174 2286 316 2352 obtenta.
362 2285 440 2350 Non
455 2285 541 2349 enim
555 2283 595 2349 ad
612 2283 645 2347 id
660 2283 797 2370 allegare
812 2307 886 2348 eum
900 2283 1052 2369 potuisset
1066 2284 1115 2347 uis
1137 2283 1279 2348 mandati
1295 2283 1380 2370 quod

174 2413 242 2455 non
258 2413 298 2454 ex
315 2389 364 2454 sui
379 2389 510 2454 arbitrio
526 2387 581 2454 sed
596 2388 766 2473 superioris
781 2397 934 2473 potestate
948 2386 1112 2473 dependet.

646 2634 903 2641 ῳ*-

707 2817 850 2884 ΧΧΙΧ.

499 3027 557 3091 Du
580 3027 827 3092 Oeennssrcun
850 3027 1062 3092 Punnonnn.

225 3220 386 3307 Episcopo
407 3256 548 3285 —.
595 3219 649 3283 Ex
673 3228 781 3284 tenore
807 3219 985 3284 litterarum
1008 3227 1186 3283 uestrarum
1208 3228 1239 3283 et
1260 3219 1384 3285 confes-

178 3326 424 3392 8101111-
448 3324 614 3409 presbiteri
637 3324 721 3409 greci
746 3324 939 3409 presentium
964 3323 1073 3388 latoris
1096 3323 1270 3408 accepimus
1297 3323 1381 3410 quod

178 3452 254 3494 cnm
270 3429 337 3514 ipse
352 3428 430 3494 olim
445 3452 485 3492 ex
507 3428 619 3493 itinere
640 3427 789 3512 fatigatus
811 3427 954 3492 membra
969 3427 1073 3513 sopori
1089 3425 1234 3509 dedisset,
1251 3450 1333 3493 uxor
1348 3428 1382 3491 in

178 3533 286 3600 medio
309 3533 408 3597 filiam
423 3542 455 3598 et
469 3532 573 3596 filium
595 3531 767 3618 paruulum
788 3531 919 3596 alatere
940 3531 1115 3610 collocauit,
1132 3554 1227 3617 quem
1249 3554 1384 3617 sompno

179 3648 315 3726 grauata
338 3637 485 3723 grauauit
511 3647 542 3702 et
568 3637 723 3722 oppressit
749 3635 790 3701 ad
821 3646 964 3702 mortem.
1011 3637 1043 3700 A
1069 3636 1158 3700 cuius
1183 3637 1385 3721 oppressione

179 3765 255 3809 cum
277 3751 356 3808 esset
370 3752 502 3828 quartus
524 3742 557 3805 in
580 3742 661 3807 lecto
680 3749 748 3805 tam
763 3741 829 3805 filia
852 3740 955 3805 media
978 3763 1074 3827 quam
1096 3763 1177 3804 uxor
1199 3740 1387 3806 interiacens

179 3870 255 3913 eum
270 3869 408 3912 seruasse
423 3845 550 3911 uidetur
564 3846 748 3910 immunem.
794 3845 867 3913 Vos
882 3855 988 3909 autem
1003 3844 1194 3910 sacerdotem
1209 3844 1386 3930 predictum

180 3953 224 4019 ob
247 3973 355 4016 casum
378 3950 538 4015 huismodi
562 3950 602 4015 ad
629 3949 735 4015 sedem
759 3948 963 4035 apostolicam
988 3949 1168 4015 destinastis
1194 3971 1249 4014 sue
1275 3948 1387 4014 salutis

180 4046 350 4122 eonsilium
364 4054 547 4139 petiturum.
595 4053 752 4132 Quocirca
766 4052 933 4138 prudentie
947 4062 1050 4118 uestre
1064 4053 1249 4118 auctoritate
1263 4052 1387 4118 domini

132 4215 138 4227 .
181 4182 265 4246 pape
286 4159 487 4224 rescribimus
510 4167 664 4244 quatenus
686 4158 714 4223 si
736 4157 896 4243 premissis
911 4158 1028 4222 ueritas
1046 4157 1248 4242 suffragatur,
1265 4157 1387 4242 presbi-

181 4276 287 4332 terum
311 4286 375 4329 non
399 4263 551 4348 reputetis
581 4261 715 4326 eundem
746 4261 987 4348 irregularitatis
1016 4260 1243 4347 impedimento
1273 4260 1383 4324 teneri.

183 4367 334 4434 Ceterum
355 4390 395 4432 ne
417 4367 492 4452 quia
514 4366 705 4453 negligentia
727 4365 855 4451 culpam
876 4365 1020 4431 intulerit
1042 4388 1102 4451 que
1125 4363 1329 4429 interdictum
1353 4363 1387 4428 in

181 4471 301 4538 talibus
322 4471 485 4537 consueuit
507 4472 636 4556 iungere
659 4493 720 4535 non
745 4470 932 4556 relinquatis
955 4468 1091 4535 eundem
1112 4468 1283 4555 penitentie
1304 4490 1388 4532 com·

182 4576 319 4662 petentis
333 4584 510 4661 expertum.
