3098 5476
175 479 217 543 12
350 495 390 544 v.
418 497 469 542 nn
496 496 546 542 uo
575 494 646 550 our
676 495 756 542 nur
784 494 1071 543 mnnslnrrnn
1099 497 1195 546 nuc.

628 738 676 783 nn
699 739 830 786 nonum.
854 720 912 807 (3).

215 897 375 983 Episcopo
404 894 616 961 Xantonensi.
678 895 848 959 Willielmi
878 895 1002 961 diaconi
1033 895 1143 961 latoris
1173 898 1367 983 presentium

170 1010 273 1067 uestre
296 1000 428 1066 diocesis
454 999 608 1064 confessio
634 999 814 1064 continebat
839 999 926 1086 quod
953 1023 1024 1063 cum
1050 999 1178 1065 deberet
1204 1000 1247 1065 ad
1275 1024 1370 1067 sacros

171 1106 296 1171 ordines
320 1104 500 1190 promoueri
527 1102 645 1167 iurauit
669 1127 700 1169 x.
724 1102 779 1169 lib.
804 1104 834 1166 in
860 1103 1014 1168 reditibus
1041 1126 1074 1168 se
1100 1103 1220 1169 habere
1247 1105 1370 1171 credens

170 1209 255 1298 quod
278 1217 402 1274 tantum
426 1209 545 1272 ualeret
567 1207 751 1292 patrimonii
783 1206 904 1271 reditus
933 1208 1121 1273 annuatim:
1154 1208 1267 1295 sicque
1291 1220 1370 1296 post-

170 1313 300 1378 modum
316 1312 357 1377 ad
379 1334 482 1376 saeros
498 1310 623 1375 ordines
641 1319 688 1375 est
703 1320 876 1396 promotus.
923 1311 1050 1376 Verum
1065 1334 1139 1375 cum
1155 1311 1253 1377 bonis
1277 1314 1370 1399 patri-

170 1417 362 1483 monialibus
385 1415 498 1480 diuisis
525 1414 804 1501 proportionaliter
829 1415 912 1479 inter
936 1415 1059 1497 fratres,
1084 1438 1160 1500 pars
1184 1438 1245 1480 sua
1272 1418 1371 1481 minus

170 1522 274 1586 ualeat
285 1543 380 1607 quam
397 1520 525 1584 iurauit.
571 1518 775 1604 Supplieauit
787 1541 805 1582 a
818 1518 889 1583 sede
904 1518 1075 1604 apostolica
1087 1530 1142 1585 etc.
1189 1520 1225 1584 N
1226 1544 1264 1585 os
1280 1521 1371 1607 igitur

171 1636 227 1692 etc.
241 1648 339 1712 usque
354 1634 519 1711 quatenus
531 1624 672 1687 iniuncta
688 1622 828 1708 predicto
844 1621 975 1688 diacono
991 1623 1164 1708 penitentia
1179 1635 1372 1712 competente

171 1753 243 1794 cum
260 1731 328 1815 ipso
343 1730 369 1794 si
385 1727 464 1792 alias
479 1728 507 1792 ei
523 1737 553 1792 et
569 1729 634 1791 nite
651 1728 798 1791 meritum
815 1736 845 1791 et
862 1727 945 1791 fame
961 1728 1180 1793 testimonium
1198 1738 1259 1794 ete.
1279 1752 1373 1817 usque

171 1833 367 1920 dispensetis.

745 2073 792 2141 V.

169 2270 227 2333 Du
254 2286 300 2331 no
327 2286 389 2343 our
416 2264 497 2329 Dar
524 2265 777 2329 Lmnnnnnrss
803 2265 963 2340 Amoum
990 2283 1073 2329 Pos‘r
1099 2263 1370 2332 Suscnrrrounn

689 2368 850 2434 Onnmrs.

212 2547 371 2634 Episcopo
387 2536 635 2630 Pampilonensi.
682 2543 757 2609 Gar.
771 2544 934 2629 presbyter
950 2543 1032 2608 lator
1045 2544 1243 2628 presentium
1259 2545 1370 2610 humili

170 2654 261 2719 nobis
287 2650 480 2716 confessione
503 2649 692 2714 monstrauit
714 2647 801 2734 quod
823 2670 894 2711 cum
919 2646 997 2712 olim
1020 2646 1087 2733 ipse
1108 2646 1239 2712 cuidam
1260 2649 1372 2715 clerieo

169 2756 364 2844 promisisset
378 2754 507 2818 arietem
523 2762 558 2817 ut
575 2753 681 2838 ipsum
698 2754 782 2817 inter
797 2750 991 2816 ordinandos
1006 2752 1152 2837 episcopo
1168 2762 1371 2838 presentaret,

170 2861 253 2926 idem
265 2859 396 2924 clericus
407 2866 438 2922 et
450 2858 686 2944 promittentem
698 2856 875 2942 increpauit
886 2865 917 2920 et
928 2855 1170 2941 promissionem
1187 2856 1370 2924 huiusmodi

170 2989 233 3031 non
248 2964 385 3030 admisit.
432 2961 547 3047 Sicque
569 2961 667 3046 gratis
691 2960 889 3025 ordinatione
911 2969 1016 3024 secuta
1031 2968 1229 3044 presentatur
1244 2962 1370 3027 arietem

169 3069 377 3156 promissione
400 3065 510 3152 preuia
534 3065 677 3130 debitum
701 3064 787 3150 quod
812 3064 942 3129 omnino
966 3063 1135 3149 repulerat,
1160 3064 1207 3128 sic
1232 3088 1313 3150 pure
1336 3065 1373 3130 de

168 3174 327 3240 oblatione
349 3171 487 3257 gratuita
509 3170 630 3234 sincera
644 3169 812 3234 deuotione
835 3169 960 3254 recepit.
1011 3167 1114 3252 Super
1129 3190 1194 3254 quo
1208 3167 1316 3234 dietus
1331 3169 1369 3234 G.

169 3277 362 3365 supplicauit
384 3274 548 3339 humiliter
570 3273 702 3338 salutari
729 3272 790 3337 sibi
813 3272 945 3336 consilio
967 3272 1138 3357 prouideri.
1186 3273 1278 3351 Quia
1299 3296 1373 3338 uero

169 3382 208 3448 de
224 3383 306 3447 facto
321 3390 352 3445 et
367 3379 441 3444 facti
456 3377 703 3442 circumstaneiis
721 3400 777 3441 uos
800 3377 914 3441 habere
936 3376 1068 3462 potestis
1083 3376 1232 3441 notitiam
1249 3377 1371 3463 plenio-

170 3510 236 3552 rem
252 3484 479 3551 committimus
494 3492 650 3569 quatenus
668 3482 694 3545 si
712 3481 862 3567 premisse
877 3479 1096 3565 promissionis
1112 3480 1228 3544 uitium
1246 3505 1373 3568 presen-

170 3592 269 3656 tantis
283 3587 455 3654 liberalitas
474 3608 603 3672 prorsus
618 3585 758 3649 excludit
774 3586 878 3671 ipsum
896 3584 936 3649 G.
953 3583 1123 3649 dimittatis
1138 3583 1173 3647 in
1188 3586 1374 3651 executione

171 3694 293 3762 ordinis
314 3693 359 3757 sic
381 3691 526 3775 suscepti.
573 3690 606 3755 Si
623 3712 699 3754 uero
714 3712 784 3776 spes
807 3688 922 3753 infecta
938 3689 1084 3773 promissi
1108 3687 1274 3755 subsecute
1292 3690 1374 3756 solu·

170 3801 256 3864 tione
279 3796 428 3882 reliquias
455 3794 636 3876 reseruauit,
662 3793 829 3858 interdicto
855 3792 916 3858 sibi
944 3793 1169 3877 presbiteratus
1197 3792 1314 3878 officie,
1340 3794 1372 3858 in

170 3904 242 3968 aliis
264 3903 323 3965 rite
345 3900 485 3985 receptis,
501 3900 528 3963 si
551 3899 578 3962 ei
602 3908 632 3963 et
650 3899 713 3962 uite
738 3898 848 3962 merita
863 3907 920 3962 ete.
937 3920 1009 3960 cum
1035 3898 1103 3981 ipso
1127 3897 1375 3963 misericorditer

171 4006 366 4094 dispensetis
1397 3987 1402 3997 ’

627 4143 675 4187 nn
699 4143 830 4188 nonsit.
855 4123 913 4210 (2).

214 4319 462 4406 Archiepiscopo
489 4316 756 4402 Compostellano.
808 4315 853 4383 M.
880 4314 1045 4400 presbyter
1071 4313 1153 4378 lator
1178 4315 1373 4399 presentium

171 4435 274 4492 uestre
287 4424 417 4490 diocesis
440 4421 555 4486 humili
577 4420 668 4486 nobis
683 4419 877 4485 confessione
893 4419 1083 4484 monstrauit
1096 4417 1182 4504 quod
1198 4441 1271 4482 cum
1295 4428 1375 4485 esset

171 4531 248 4596 olim
268 4530 302 4592 in
320 4529 498 4613 dyaconum
521 4524 757 4613 promouendns
781 4525 847 4610 ipse
869 4547 905 4588 ao
927 4520 1057 4609 quidam
1080 4522 1136 4586 alii
1159 4523 1371 4607 promouendi

169 4633 466 4719 archipresbiterum
490 4631 545 4717 qui
569 4629 769 4715 presentabat
784 4652 836 4693 eos
860 4651 923 4693 non
947 4627 1179 4691 interueniente
1201 4634 1296 4712 paeto
1318 4650 1376 4692 nec
