3098 5476
537 545 828 596 crint—cmv.

622 788 757 856 CXIII.

232 966 289 1029 Dn
311 966 545 1031 Pansuuraro
567 983 618 1029 An
641 965 803 1030 Onnmrs
825 983 890 1030 sna
912 965 1147 1032 (loummorrn.

134 1120 382 1208 Archiepiscopo
397 1121 665 1206 Compostellano.
712 1121 748 1186 P.
758 1119 862 1185 clerici
878 1118 987 1185 latoris
1002 1121 1196 1206 presentium
1207 1122 1287 1207 peti-

82 1225 134 1291 tio
150 1226 332 1291 continebat
347 1226 431 1312 quod
446 1263 578 1275 —
593 1224 836 1310 archipresbiter
850 1247 925 1289 suus
947 1224 1063 1310 ipsum,
1079 1248 1137 1310 pro
1152 1248 1188 1290 eo
1203 1226 1288 1312 quod

82 1329 225 1394 decimas
247 1339 277 1394 et
294 1329 401 1394 debita
423 1328 560 1416 quedam
581 1328 645 1393 alia
667 1329 726 1393 sibi
751 1336 782 1393 et
796 1328 920 1393 ecclesie
944 1328 1198 1414 Oompostellane
1213 1331 1287 1395 sub-

84 1443 239 1516 traxerat,
255 1434 354 1499 nollet
368 1434 408 1498 ad
427 1433 556 1499 ordines
578 1442 765 1518 presentare,
781 1433 881 1498 sciens
896 1431 1030 1497 eundem
1047 1455 1087 1497 ex
1102 1433 1286 1499 huiusmodi

86 1537 304 1603 subtractione
328 1539 504 1603 mortaliter
527 1537 711 1623 peccauisse.
766 1536 859 1600 Idem
884 1537 1010 1622 cognita
1034 1537 1128 1623 culpa
1150 1537 1191 1602 de
1214 1539 1289 1602 snb-

87 1642 199 1707 tractis
223 1641 400 1707 satisfacere
425 1651 517 1707 etex
538 1651 613 1704 tunc
633 1640 696 1705 alia
720 1641 801 1705 sicut
822 1649 948 1705 tenetur
971 1640 1108 1705 fideliter
1130 1641 1289 1727 resignare

89 1746 249 1832 promisit,
265 1747 355 1812 etsie
376 1756 511 1832 purgato
527 1755 652 1831 peccato
668 1768 731 1831 quo
746 1746 1011 1831 presentationem
1027 1745 1186 1810 retardare
1200 1745 1290 1811 uide-

90 1852 185 1915 batur
208 1851 318 1936 ipsius,
334 1859 532 1937 presentatus
554 1850 595 1914 ab
617 1848 1032 1935 —archipresbitero
1056 1859 1227 1915 memorato
1249 1849 1290 1914 ad

88 1953 316 2042 presbiteratus
336 1954 480 2020 ordinem
499 1963 546 2018 est
563 1962 736 2039 promotus.
782 1952 884 2038 Super
902 1975 966 2038 quo
989 1961 1045 2018 etc.
1091 1953 1161 2019 Nos
1183 1962 1290 2018 autem

33 2054 36 2059 ’
89 2068 147 2124 etc.
165 2081 267 2144 usque
288 2059 473 2124 admittatis.

90 2433 149 2500 Du
171 2454 217 2500 no
241 2454 303 2512 om
331 2437 577 2501 Pnonovnrua
600 2456 740 2502 contrua
764 2438 1056 2502 Paournrrronmu
1083 2437 1291 2504 Onmuann.

137 2590 298 2676 Episcopo
318 2591 510 2657 lamecensi.
556 2591 717 2656 Accedens
739 2591 780 2656 ad
795 2592 1000 2678 apostolicam
1017 2590 1123 2656 sedem
1139 2591 1236 2656 frater
1252 2591 1291 2655 P.

93 2693 176 2759 lator
190 2695 386 2780 presentium
408 2718 465 2760 sua
481 2696 573 2761 nobis
596 2695 789 2761 confessione
813 2697 1003 2760 monstrauit
1019 2695 1104 2782 quod
1127 2718 1200 2760 cum
1215 2695 1295 2761 olim

91 2799 144 2886 pie
162 2800 311 2864 memorie
331 2809 506 2865 antecessor
521 2811 624 2864 uester
638 2800 697 2864 sub
712 2823 793 2886 pena
808 2799 1141 2865 excommunicationis
1164 2799 1294 2864 inhibu-

94 2904 168 2968 isset
192 2926 232 2967 ne
256 2904 424 2989 quisquam
449 2904 568 2990 absque
594 2926 651 2969 suo
676 2904 825 2968 mandato
851 2903 892 2968 ad
922 2903 1048 2968 ordines
1078 2903 1294 2990 suscipiendos

77 3006 261 3090 accederet,
292 3007 375 3072 idem
406 3008 504 3072 frater
533 3009 611 3072 iuris
642 3009 821 3094 ignorantia
850 3018 882 3073 et
911 3009 1125 3094 simplicitatis
1155 3008 1294 3073 ruditate

95 3110 242 3176 laborans
268 3111 509 3177 subdiaconatus
532 3123 562 3176 et
584 3112 767 3176 diaconatus
790 3113 925 3196 ordines,
949 3112 1061 3177 diuisis
1088 3124 1193 3177 tamen
1216 3123 1294 3177 tem·

94 3215 236 3301 poribus,
263 3225 372 3280 contra
401 3215 584 3282 huiusmodi
614 3217 862 3302 prohibitionem
891 3217 1027 3300 suscepit
1054 3226 1084 3281 et
1111 3218 1145 3280 in
1175 3215 1293 3280 eisdem

93 3319 299 3408 postmodum
328 3321 529 3387 ministrasit.
598 3320 753 3406 Idemque
783 3321 1008 3385 nichilominus
1040 3322 1197 3384 mentione
1228 3344 1294 3384 non

96 3423 204 3488 habita
227 3423 266 3488 de
289 3424 449 3510 premissis
472 3448 490 3488 a
514 3426 602 3490 uobis
626 3426 688 3489 fuit
710 3426 742 3488 in
760 3426 968 3509 presbiterum
984 3423 1159 3489 ordinatus.
1207 3423 1294 3488 Tan-

93 3527 167 3592 dem
183 3551 240 3614 per
254 3528 389 3593 aliorum
406 3528 607 3614 prudentiam
631 3530 721 3594 suam
737 3530 982 3616 imprudentiam
1007 3551 1230 3613 recognoscens
1253 3528 1293 3592 ad

96 3631 221 3717 frugem
237 3633 375 3697 melioris
398 3634 463 3697 uite
478 3656 509 3698 se
525 3635 688 3698 transtulit
704 3635 735 3696 in
752 3633 847 3698 domo
863 3635 973 3719 templi
997 3634 1107 3697 habitu
1131 3633 1293 3718 religionis

93 3748 259 3822 assumpto
281 3746 318 3802 ut
340 3737 399 3801 sub
422 3737 576 3823 regularis
599 3739 800 3803 obseruantia
822 3738 988 3823 discipline
1010 3749 1041 3801 et
1061 3737 1201 3822 dampna
1224 3760 1295 3823 pre-

95 3841 180 3906 teriti
205 3842 356 3926 temporis
377 3841 490 3906 defleat
512 3856 542 3906 et
565 3843 665 3906 futuri
688 3842 838 3928 reliquias
861 3866 926 3906 non
944 3841 1100 3906 admittat.
1145 3841 1294 3906 Ceterum

96 3954 133 4010 ut
155 3945 189 4008 in
213 3946 328 4031 quibus
351 3946 483 4010 offendit
505 3947 539 4010 in
562 3946 679 4010 eisdem
701 3970 758 4011 suo
781 3947 951 4011 satisfaciat
973 3945 1104 4010 creatori
1130 3945 1296 4009 humiliter

98 4049 290 4135 supplicauit
320 4051 354 4112 in
385 4050 550 4115 ordinibus
581 4051 624 4114 sic
654 4052 804 4136 susceptis
835 4051 895 4115 sibi
928 4049 1138 4114 misericordie
1168 4051 1295 4113 ianuam

95 4154 222 4239 aperiri.
271 4152 356 4230 Quia
378 4178 453 4220 uero
479 4154 540 4219 hiis
562 4156 617 4241 qui
643 4156 676 4218 in
699 4154 911 4219 amaritudine
935 4155 1039 4218 anime
1061 4163 1137 4219 sunt
1157 4154 1295 4218 consola·

95 4258 194 4322 tionis
216 4268 263 4323 est
286 4259 423 4324 remedio
446 4259 691 4323 succurrendum
715 4272 750 4323 ut
768 4269 840 4346 post
859 4259 1032 4345 penitentie
1054 4257 1183 4322 uerbera
1197 4258 1294 4343 pieta-

98 4364 139 4428 tis
156 4363 252 4428 uerba
267 4364 414 4443 sentiant,
432 4363 588 4448 prefatum
606 4401 737 4412 ——
752 4363 793 4428 ad
816 4387 872 4429 uos
895 4363 1047 4427 duximus
1069 4361 1294 4426 remittendum

95 4469 282 4533 auctoritate
307 4479 364 4533 etc.
390 4479 545 4553 quatenus
572 4468 713 4532 iniuncta
739 4470 767 4532 ei
793 4492 852 4555 pro
877 4469 969 4553 culpe
996 4466 1090 4531 modo
1116 4474 1172 4531 etc.
1197 4488 1294 4551 usque

96 4574 239 4657 obsistat,
264 4574 409 4660 petitioni
436 4573 501 4636 eius
527 4573 609 4636 circa
635 4574 785 4658 premissa
811 4596 867 4658 per
890 4571 1132 4657 dispensationis
1158 4571 1294 4656 gratiam

99 4679 189 4766 pium
212 4677 403 4764 impendatis
426 4678 653 4762 prosecutionis
676 4677 833 4743 affectum.

561 4775 565 4785 '
681 4784 694 4827 a
